3163 4587
501 344 1036 118 Préparations solides et stables à base

1564 363 1036 114 liquides obtenus dans un four à chauf-

501 435 531 96 d'indigo blanc. 7.319.

1568 447 283 95 fage. 7.490.

543 485 971 99 Badische Anilin Soda Fabrik (Sté).

1614 504 979 96 Elévateurs de liquides chaîne-hélice

497 542 1021 111 Production de substances ayant les pro-

1571 561 1022 88 " Bessonnet-Favre ". Chaîne-hélice à

501 623 719 80 priétés du caoutchouc. 7.320.

1568 626 1021 88 spires concentriques et miltiples pour

539 680 971 84 Badische Anilin Soda Fabrik (Sté).

1575 691 742 96 l'élévation des liquides. 7.310.

501 722 1017 103 Substances ayant les propriétés du

1610 745 971 99 Farbenfabriken vorm F. Bayer et Cie

493 795 463 87 caoutchouc. 7.480.

1568 806 1021 103 (Sté). Prod. de combinaisons formées

539 852 967 88 Badische Anilin Soda Fabrik (Sté).

1568 863 531 88 de la cellulose. 7.570.

493 902 1013 110 Enlevages sur fonds cuvés et nou-

1614 925 971 95 Farbenfebriken vorm F. Bayer et Cie

493 963 1013 99 veaux dérivés sulfoniques des bases am-

1571 982 1010 111 (Sté). Fils brillants à éclats métallique.

497 1035 677 88 moniums organiques. 7.627.

1568 1043 133 84 7.338.

535 1089 968 99 Badische Anilin Soda Fabrik (Sté).

1610 1093 975 95 Farbenfabriken vorm F. Bayer et Cie

485 1150 1021 107 Production de B. V. diméthyl A. V. Bu-

1568 1154 1017 122 (Sté). Fabrication d'éthers de la cellu-

485 1211 367 84 tadiène. 7.613.

1560 1219 272 88 lose. 7.612.

527 1276 979 84 Chemisch Elektrische Fabrik " Pro-

1610 1276 979 96 Farbwerke vorm Meister Lucius et

481 1322 1025 107 mentheus " Ges mit beschrâukter Haf-

1564 1345 1013 96 Brunning (Sté). Fabrication d'un colo-

481 1395 1029 95 bung (Sté dite). Appareil électrique de

1564 1399 1013 99 rant rouge saumon de la série de l'aut-

489 1460 352 84 cuisine. 7.391.

1568 1464 474 103 maquignone. 7.387.

531 1509 975 88 Condensationsbau. Ges M. B. H. Vor-

1602 1521 979 99 Française " La Dragueuse " (Sté

481 1571 1022 87 mals Otto Sorge (Sté). Procédé pour dé-

1552 1571 842 103 Anme). Perf. aux dragues. 7605.

481 1632 1022 103 graisser la vapeur d'échappement des

1598 1632 979 99 Française d'Exploitation des Appareils

485 1689 1010 96 machines à vapeur à bord des navires.

1552 1689 1025 103 Kœrting (Sté). Procédé de réglage des

489 1743 138 103 7.549.

1552 1754 649 92 appareils à vapeur. 7.562.

516 1808 983 95 Constateur-imprimeur. Benzing Strob-

1598 1823 976 88 Française pour l'exploitation des Pro-

478 1873 1013 110 be (Sté Anme). Constateur-imprimeur.

1552 1880 1018 100 cédés Thomason-Houston (Cie). Perf. aux

470 1934 149 91 7.552.

1552 1941 964 92 machines à courants alternatifs. 7.583.

1621 1999 945 95 Gesellschaft für Forderaulagen Ernest

516 1991 975 107 Constructions aériennes Rossel-Peu-

1556 2045 1010 137 Heckel (Sté). Perf. aux culbuteurs.

470 2060 1021 111 geot (Sté Anme). Système de bielles pour

470 2132 1025 88 moteurs à explosion à cylindres tour-

1556 2110 130 95 7.332.

1594 2175 964 103 Hoc and Cie (Sté dite). Mécanisme

470 2190 314 80 nants. 7.315.

1545 2232 1017 99 livreur et plieur pour machines à im-

516 2247 971 115 Constructoons aériennes Rossel-Peu-

1537 2297 344 95 primer. 7.458.

466 2312 1021 103 geot (Sté Anme). Soupapes pour moteurs

1587 2335 979 119 Hoc and Cie (Sté dite). Mécanisme

470 2385 1010 95 à explosion à cylindres tournants. 7.312.

1541 2423 1025 88 de découpage pour le papier et autres

508 2442 979 96 Constructions aériennes Rossel-Peu-

1541 2476 665 100 matières en feuille. 7.502.

466 2511 1021 95 geot (Sté Anme). Moteur à explosions à

1583 2526 983 100 Hoc and Cie (Sté dite). Mécanisme

462 2576 1021 95 cylindres rotatifs avec cartes en deux

1541 2599 1013 103 plieur rotatif pour presses à imprimer.

466 2633 895 96 pièces et culasses rapportées. 7.313.

1533 2656 142 88 7.592.

501 2698 979 103 Constructions aériennes Rossel-Peu-

1583 2706 979 103 Hoc and Cie (Sté dite). Presse rota-

458 2759 1022 100 geot (Sté Anme des). Moteur à explo-

1537 2771 895 103 tive imprimant sur feuilles. 7.545.

462 2824 1018 88 sion des cylindres rotatifs et villebrequins

1583 2832 971 103 Industrie Chimique à Bâle (Société

455 2870 585 96 en porte à faux. 7.314.

1529 2905 1022 95 pour l'). Dispositif pour fabriquer du

497 2935 983 92 Constructions aériennes Rossel-Peu-

1529 2962 1022 88 chlore et un métal alcalin par électro-

455 2993 1021 95 geot (Sté Anme des). Distribution à sou-

1526 3012 803 95 lyse d'un chlorure alcalin. 7.565.

455 3054 1021 95 papes commandées pour moteurs à ex-

1575 3080 972 88 International Amet Cy (Sté dite). Ap-

451 3122 929 88 plosions à cylindres tournants. 7.316.

1526 3138 1021 111 pareil pour la fabrication du gaz d'huile.

497 3184 983 88 Culter National Electric Thater (Sté

1529 3191 146 100 7.469.

451 3241 1025 88 des). Echauffeur électrique de liquides

1568 3256 979 96 International Patent und Techniques-

451 3298 1017 92 principalement destinés à vieillir et bo-

1526 3310 1017 99 Bureau, Paul Fabian (Firme). Porte-

455 3371 627 84 nifier les vins, etc. 7.373.

1522 3367 1017 103 embrasse à patère dans tous les sens.

497 3413 979 96 Deutche Gold et Stilber Scheide Austalt

1533 3428 130 100 7.505.

451 3478 1013 92 verm Rôssler (Sté). Préparation de

1571 3482 968 114 Maison Beer (Sté Anme). pelle méca-

451 3535 723 104 cyanure de potassium. 7.381.

1522 3543 1017 107 nique pour la reprise des matières en

497 3596 971 92 Eclairage des villes et la fabrication

1529 3608 245 96 tas. 7.607.

447 3661 1021 88 des compteurs et appareils divers (Cie

1568 3669 971 96 Maschinenbau Ges. Martini et Hunecke

443 3715 1018 99 pour l'). Cadran indicateur pour comp-

1522 3726 1017 96 M. C. B. (Sté dite). Dispositif de sécu-

443 3784 1021 99 teurs de liquides à horlogerie noyée.

1522 3791 1017 104 rité pour réservoirs dans lesquels on tra-

447 3830 138 88 7.427.

1514 3856 1021 115 vaille avec des liquides inflammables.

481 3891 983 99 Electrométallurgique. Procédés P. Gi-

1518 3910 138 92 7.462.

432 3956 1029 137 rod (Sté). Procédé d'affinage des aciers

1560 3960 979 153 Maschinenfabrik Augsburg Nurnberg

1441 263 230 96 _ 14 _
