3131 4582
584 343 998 157 Cottard et Cie (Sté). Machine à fabri-

539 462 691 103 quer la paille de fer. 7.506.

596 519 975 95 Couesnon et Cie (Sté). Perf. aux ins-

542 576 926 99 truments de musique à pistons, 7.515.

588 649 987 87 Coudreau. Cuir artificiel des minéro-

546 706 348 84 végétal. 7.600.

588 767 983 80 Couffinhal. Carburateur à réglage si-

546 824 1025 84 multané d’essence, d’air et de gaz car-

546 874 295 95 buré. 7.491.

592 920 979 110 Coullenot. Système de fer bloqueur à

546 1008 1021 95 adaptations diverses pour outils rabo-

546 1069 776 87 teurs pour la menuiserie. 7.267.

588 1107 979 107 Courtaut, Garnier, Gil et Cie (Socié-

546 1183 1021 88 té). Dispositif pour la manœuvre des

546 1240 1021 96 robinets, vannes, etc., à distance par

550 1309 700 88 commande électrique. 7.303.

588 1351 983 103 Courtaud, Garnier, Gil et Cie (Socié-

554 1420 1013 92 té). Appareil automatique-avertisseur

554 1492 1005 84 effectuant la fermeture des vannes d’ar-

546 1538 1021 103 rêt de conduite d’eau, de vapeur ou de

546 1607 1009 95 gaz en cas de rupture de ces conduites

554 1672 137 76 7.304.

592 1691 986 130 (Dalpay (J.), Clegg (J. G.), Bateau et

546 1786 543 92 houe combinés. 7.750.

588 1832 987 103 Davison (S.-M.). Appareil à signaux.

546 1905 1017 103 susceptibles d’être entendus dans l’eau.

550 1966 145 84 7.521.

592 1993 967 118 Day (A.), Perf. dans les mannequins

542 2077 146 99 7 386.

596 2122 975 104 Debruge-Lebaillif (née B. Delhom-

546 2195 1009 103 me). Embauchoir pour chaussures.

554 2264 141 84 7.578.

588 2302 990 115 Dejoux et Batel (G.-E.). Dispositif et

546 2394 1017 80 appareil destinés à éviter les éclabous-

550 2455 1017 88 sures de boue produite par le passage

550 2501 478 91 des voitures. 7.624.

592 2554 971 103 *Delahaye and C.J.LD. (Sté dite).

542 2611 1029 96 Pert. aux moteurs à explosion action-

550 2695 688 84 nant les automobiles. 7.360.

596 2749 971 76 *Delahaye and C.J.L.D. (Sté dite).

558 2802 1013 99 Amorçage des pompes centrifuges, par

550 2863 1013 96 pompe à air, pour automobiles de se-

546 2924 746 92 cours contre l’incendie. 7.361.

592 2985 963 81 Delaunay-Belleville. Voir : Automo-

546 3043 1017 103 biles Delaunay-Belleville (Sté anme des).

546 3104 142 91 7.388.

592 3146 983 107 Delhomme (û.-L.), Machine à casser

546 3226 753 88 et à trier les amandes. 7.487.

592 3283 975 96 Delpech (P.). Procédé pour obtenir

550 3337 1021 95 I'effet stéréoscopique durant les projec-

546 3405 803 88 tions cinématographiques. 7.510.

592 3474 967 84 Deperdussin, de Feure, Bechereau

550 3516 1021 99 Hélice à branches multiples pour aéro-

546 3589 340 80 planes. 7.486.

592 3650 979 80 Descubes. Table de manœuvre à sélec-

550 3692 1021 114 tion par fluide des aiguilles et signaux

554 3776 631 80 de chemins de fer. 7.436.

596 3806 971 111 Dessaulles. Outil à rectifier les sou-

558 3887 1013 91 papes de moteurs à explosion et autres

550 3955 585 77 dit « le servus ». 7.449.

592 3997 979 142 Dor-Delattre. Presse hydraulique pour

1597 370 1044 126 la fabrique de corps creux en terre. 7.394.

1666 462 975 91 Desrumaux. Nouvelle disposition de

1624 515 1017 107 bassins dégraississeurs ou préfiltres.

1628 588 142 87 7.399.

1662 618 987 118 Douhet (Mme, née Dolis). Dispositif

1624 714 1021 84 pour empêcher les jarretelles de déchirer

1620 771 360 84 les bas. 7.529.

1659 801 982 115 Droz. Balance automatique à levier.

1628 885 1017 84 dans laquelle le poids curseur est régla-

1620 946 922 92 ble sans l’aide du contrepoids. 7.294.

1666 992 979 103 Druge (la Sté Lobin et Druge). Coupe

1628 1065 631 88 mottes pour argile. 7.448.

1666 1122 979 88 Dubuis. Allumage par magnèto pour-

1624 1187 677 92 moteurs à explosion. 7.265.

1674 1244 963 96 Duisdicker. Protecteur pour tubes

1624 1302 1021 103 contenant des substances molles ou

1620 1363 494 87 semi-liquides. 7.457.

1670 1408 979 104 Dupeyron. Pied à branches extensi-

1632 1481 1013 99 bles et à tête plate articulée pour appa-

1628 1550 688 88 reils photographiques. 7.401.

1666 1607 979 84 Durant-Hommel. Perf. au mode d’ex-

1632 1660 1013 92 traction des métaux de leur minerai-

1624 1722 142 84 7.524.

1666 1760 968 110 Edeline (Mme, Veuve). Plieuse mécani-

1632 1844 1017 99 que pour serviettes et autres pièces de

1632 1909 355 80 lingerie. 7.305.

1670 1943 979 111 Edeline (Mme, Veuve). Perf. aux ma-

1620 2019 853 100 chines à calendrer le linge. 7.306.

1670 2088 983 80 Edwards-Alson. Perf. aux machines

1620 2149 398 80 rotatives. 7.437.

1678 2206 822 96 Eugel. Contact électrique. 7.579.

1674 2268 975 91 Evans. Perf. aux aéroplanes, dirigea-

1624 2317 272 107 bles. 7.595.

1674 2375 975 106 Fabian. Voir : Firme Internationale

1624 2443 1025 92 Patend und Techniches. Bureau Paul

1628 2497 348 99 Fabian. 7.505.

1674 2554 982 118 *Falvet. Forme pour fabrication de

1628 2623 447 95 chaussures. 7.270.

1678 2688 921 84 *Félix. Perf. aux aéroplanes. 7.620.

1674 2741 822 96 Feure. Voir : Bechereau, 7.486.)

1674 2791 975 107 Fildermann. Obturation des dents.

1620 2856 146 99 7.586.

1674 2917 975 95 Finch. Appareil pour attraper les

1628 2985 837 100 mouches et autres insectes. 7.322.

1678 3039 963 99 Foucault, Schweitzer et fils (Sté G.).

1628 3096 1009 111 appareil pour la cuisson des jambons.

1624 3161 146 84 7.311.

1674 3207 971 107 Forestier et la Cie des Signaux Elec.

1636 3283 1009 88 triques pour chemins de fer. Dispositif

1624 3352 1021 84 s’adaptant aux leviers mécaniques pour

1632 3413 1017 84 obliger l’aiguilleur à abaisser la cou-

1628 3467 291 87 lisse. 7.516.

1674 3512 975 100 Forster-Johnson. Perf. aux récipients.

1624 3573 1017 115 et en particulier aux bidons d’huile.

1617 3646 149 88 7.362.

1670 3696 975 107 Franke. Fabrication ininterrompue

1632 3772 745 76 de briquettes de tourbe. 7.472.

1678 3825 971 115 Frazzi. Constructions antisismiques.

1620 3883 146 99 7.378.

1674 3932 967 103 Friedmann. Fabrication d’objets mé-

1632 4005 1009 126 talliques à noyau en papier durci 7.415.

1452 274 233 104 _9_
