3163 4587
539 416 975 134 Furnev, O'Neil. Perf. aux propul-

489 508 306 103 seurs. 7.424.

531 558 979 107 Gabet. Dispositif amovible de publi-

489 630 746 96 cité diurne et nocturne. 7.440.

535 703 975 80 Gabillon-Cayron et Cie. Voir : Cay-

489 764 264 84 ron. 7.463.

535 802 979 100 Galvin. Dispositions nouvelles pour-

493 882 432 85 aéroplanes. 7.498.

535 921 975 122 Garnier, Gil et Cie. Voir : Courtaud.

493 986 138 95 7.304.

531 1035 975 111 Garnier, Gil et Cie. Voir : Courtaud.

493 1119 145 92 7.303.

527 1165 983 96 Gazalas-Viard. Soudure réelle de

497 1223 1013 95 l'aluminium à basse température avec

493 1299 597 84 décapant spécial. 7.550.

550 1341 960 100 Georges-Valentin-Zerreiss. Procédé et

497 1414 1009 99 dispositif d’impression de plandres ou de

493 1479 1013 80 cylindres gravés en creux par l’intermé-

501 1532 1005 100 diaire d’un rouleau transporteur à sur-

497 1593 505 92 face élastique. 7.512.

531 1639 975 107 Georges-Valentin-Zerreiss. Perf. à l’im-

497 1712 967 99 pression des gravures en creux. 7.511.

539 1781 899 80 Gil et Cie. Voir : Courtaud. 7.304.

539 1838 902 84 Gil et Cie. Voir : Courtaud. 7.303.

531 1895 987 100 Gilpillau-Hunter. Emballage pour ci-

485 1949 318 88 gares. 7.420.

543 2010 975 84 *Giret. Nouvelle base de peinture à

497 2067 329 100 l’huile. 7275.

531 2125 979 103 Girod. Voir : Electrométallurgique,

497 2186 512 99 procédé Girod. 7.490.

531 2239 608 100 Girodit. Viditule. 7.541.

531 2304 979 92 Glover. Cuisinière portative chauffée

497 2377 677 80 au gaz et au pétrole. 7.501.

531 2434 979 88 Godin, Pessat et Cie (Sté). Machine

497 2488 918 96 tireuse et boucheuse combinée. 7.429.

539 2561 673 76 Gœhler. Ecrémeuse. 7.374.

531 2610 979 92 Goltscher, Hermann. Dispositif pour

493 2675 1013 88 laver, sécher et polir la vaisselle. 7.460.

543 2729 963 92 Goudard, Mennesson, Jouffret, Renée.

493 2794 738 84 Perf. aux carburateurs. 7.382.

539 2855 971 76 Gontier. Système supprimant les si-

493 2920 1017 92 gnaux de chemin de fer actuels au

504 2981 1002 77 moyen de trois appareils électriques con-

497 3038 478 88 committants. 7.357.

539 3088 734 96 Gordon. Voir : Camp. 7.364.

543 3145 967 96 Graf. Boîte de conserves perfection-

489 3207 264 95 née. 7.376.

543 3241 967 118 Greenfield-Shoherg, Perf. aux appa-

497 3333 1013 80 reils photographiques à éclairs de ma-

501 3394 631 88 gnésium ou autres. 7.383.

543 3444 979 91 Grégoire. Traitement des minerais de

493 3497 899 99 fer dans les hauts fourneaux. 7.610.

546 3574 899 91 Gugger. Porte-hamac pliant. 7.594.

543 3619 983 96 Guibert frères (Sté). Jarretelle en

501 3688 937 92 peau d’agneau ou de chevreau. 7.438.

543 3749 971 88 Guillot. Coupe pour tailleurs d’habits.

497 3811 145 87 7.358.

546 3849 597 111 Kumpf. Encrier. 7.423.

546 3914 964 111 Kupke. Porte-outil perfectionné. 7.575.

546 3990 968 88 Lacroix. Lessiveuse, laveuse et repas-

504 4055 876 119 seuse, dite l' « Incroyable ». 7.531.

1430 332 229 92 _ 40 _

1606 447 975 99 Lancien. Appareil de commande à

1560 508 1014 111 distance des clichés photographiques.

1556 577 145 76 7.453.

1614 619 967 107 Landau et Cie Firme. Email blanc.

1560 676 141 115 7.342.

1614 722 975 115 Langer. Voir : Schonich et Langer-

1571 810 283 99 (Sté). 7.622.

1610 844 975 111 Lang, Cau, C. (Sté dite). Machine à

1568 940 1013 80 fabriquer des fonds bordés de soudure

1568 993 1006 100 pour boîtes à conserves et autres. 7.459.

1614 1058 967 81 *Larbodière. Condenseur mixte de va-

1564 1116 669 91 peur à air et à eau. 7.288.

1614 1181 971 76 La Verne, W. Noyes. Inducteurs ma-

1556 1219 421 107 gnétiques. 7.400.

1614 1272 979 104 Lecomte. Revêtement, maçonné à

1564 1349 753 99 l'épreuve de toute locomotion.

1621 1414 972 92 Lefebvre. Fabrication de manchons à

1571 1467 513 96 incandescence. 7.543.

1610 1532 979 92 Lefèvre. Machine à cintrer et à re-

1571 1597 1018 84 dresser à froid les métaux creux ou

1564 1647 325 92 pleins. 7.519.

1614 1689 975 107 Lemaître et Joslcollard, Machine à

1575 1769 1006 92 boucher les vins mousseux avec tube

1571 1834 1010 96 mobile interchangeable à serrage con-

1560 1892 405 80 centrique. 7.282.

1617 1949 964 84 Lemasson. Moteur à explosion à cy-

1575 2006 1006 96 lindres en nombre pair disposés en étoi-

1568 2075 325 96 le, etc. 7.494.

1614 2121 975 103 Lépinard. Agrafe pour fonctions de

1568 2182 543 100 courroie ronde. 7.289.

1614 2251 975 88 Leroy. Dispositif relatif aux scieries

1575 2316 1010 88 pour calcaires et similaires permettant

1571 2369 1014 88 la construction d’appareils déplaçables à

1571 2431 704 88 mouvement alternatif. 7.296.

1610 2469 979 111 Le Sauvage. Bateau dock de sauve-

1564 2545 279 96 tage. 7.495.

1614 2595 971 99 Levesque (Mme, née Rémond). Appa-

1575 2656 1006 100 reil pour le chauffage des chaussures.

1568 2725 126 88 7.479

1614 2763 971 119 Lévi. Poignée élastique pour guidons

1564 2855 516 92 de bicyclettes. 7.485.

1617 2908 972 92 Linossier. Perf. aux tissus présentant

1568 2973 1013 85 des parties extensibles et non extensi-

1575 3035 264 84 bles. 7.561.

1617 3069 719 111 Lions. Panier pliant. 7.533.

1617 3142 972 95 Lobin et Druge (Sté). Voir : Druge.

1575 3207 138 84 7.448.

1617 3245 976 118 Longeot ainé Trempage, lavage et

1571 3333 708 91 rinçage des bouteilles. 7.584.

1617 3371 976 103 Lotte. Conf. de cellulose d’alfa et de

1575 3447 1014 100 tous textiles par les eaux de mer et sali-

1579 3512 253 81 nes. 7.269.

1621 3570 975 88 Louis. Outil pour le découpage de

1568 3619 604 107 boutons de nacre. 7.567.

1617 3700 976 84 Lucuis et Brunnings. Voir : Farbwer-

1571 3753 1014 92 ke vorm Meister Lucuis et Brunnings.

1575 3807 134 99 7.387.

1617 3845 976 115 *Lumière. Voir Sté Anme des Plaques.

1571 3933 1025 103 et papiers photographiques A. Lumière et

1571 3998 341 92 ses fils. 7.535.

1617 4032 976 149 Lyness. Doigt de contact pour contrô-
