3163 4587
501.0 344.0 1036.0 118.0 Préparations solides et stables à base.

501.0 435.0 531.0 96.0 d’indigo blanc. 7.319.

543.0 485.0 971.0 99.0 Badische Anilin Soda Fabrik (Sté).

497.0 542.0 1021.0 111.0 Production de substances ayant les pro-

501.0 623.0 719.0 80.0 priétés du caoutchouc. 7.320.

539.0 680.0 971.0 84.0 Badische Anilin Soda Fabrik (Sté).

501.0 722.0 1017.0 103.0 Substances ayant les propriétés du

493.0 795.0 463.0 87.0 caoutchouc. 7.480.

539.0 852.0 967.0 88.0 Badische Anilin Soda Fabrik (Sté).

493.0 902.0 1013.0 110.0 Enlevages sur fonds cuvés et nou-

493.0 963.0 1013.0 99.0 veaux dérivés sulfoniques des bases am-

497.0 1035.0 677.0 88.0 moniums organiques. 7.627.

535.0 1089.0 968.0 99.0 Badische Anilin Soda Fabrik (Sté).

485.0 1150.0 1021.0 107.0 Production de B. V. diméthyl A. V. Bu-

485.0 1211.0 367.0 84.0 tadiène. 7.613.

527.0 1276.0 979.0 84.0 Chemisch Elektrische Fabrik « Pro-

481.0 1322.0 1025.0 107.0 metheus » Ges mit beschrâukter Haf-

481.0 1395.0 1029.0 95.0 bung (Sté dite). Appareil électrique de-

489.0 1460.0 352.0 84.0 cuisine. 7.391.

531.0 1509.0 975.0 88.0 Condensationsbau. Ges M. B. H. Vor-

481.0 1571.0 1022.0 87.0 mals Otto Sorge (Sté). Procédé pour dé-

481.0 1632.0 1022.0 103.0 graisser la vapeur d’échappement des

485.0 1689.0 1010.0 96.0 machines à vapeur à bord des navires.

489.0 1743.0 138.0 103.0 7.549.

516.0 1808.0 983.0 95.0 Constateur-imprimeur. Benzing Strob-

478.0 1873.0 1013.0 110.0 be (Sté Anᵐᵉ), Constateur-imprimeur.

470.0 1934.0 149.0 91.0 7.552.

516.0 1991.0 975.0 107.0 Constructions aériennes Rossel-Peu-

470.0 2060.0 1021.0 111.0 geot (Sté Anᵐᵉ). Système de bielles pour

470.0 2132.0 1025.0 88.0 moteurs à explosion à cylindres tour-

470.0 2190.0 314.0 80.0 nants. 7.315.

516.0 2247.0 971.0 115.0 Constructions aériennes Rossel-Peu-

466.0 2312.0 1021.0 103.0 geot (Sté Anᵐᵉ), Soupapes pour moteurs.

470.0 2385.0 1010.0 95.0 à explosion à cylindres tournants. 7.312.

508.0 2442.0 979.0 96.0 Constructions aériennes Rossel-Peu-

466.0 2511.0 1021.0 95.0 geot (Sté Anᵐᵉ). Moteur à explosions à

462.0 2576.0 1021.0 95.0 cylindres rotatifs avec cartes en deux

466.0 2633.0 895.0 96.0 pièces et culasses rapportées. 7313.

501.0 2698.0 979.0 103.0 Constructions aériennes Rossel-Peu-

458.0 2759.0 1022.0 100.0 geot (Sté Anᵐᵉ des). Moteurs à explo-

462.0 2824.0 1018.0 88.0 sion à cylindres rotatifs et vilebrequins

455.0 2870.0 585.0 96.0 en porte à faux, 7.314.

497.0 2935.0 983.0 92.0 Constructions aériennes Rossel-Peu-

455.0 2993.0 1021.0 95.0 geot (Sté Anᵐᵉ des). Distribution à sou-

455.0 3054.0 1021.0 95.0 papes commandées pour moteurs à ex-

451.0 3122.0 929.0 88.0 plosions à cylindres tournants. 7.316.

497.0 3184.0 983.0 88.0 Cutler National Electric Thater (Sté.

451.0 3241.0 1025.0 88.0 des). Echauffeur électrique de liquides.

451.0 3298.0 1017.0 92.0 principalement destinés à vieillir et bo-

455.0 3371.0 627.0 84.0 nifier les vins, etc. 7.373.

497.0 3413.0 979.0 96.0 Deutche Gold et Silber Scheide Austalt.

451.0 3478.0 1013.0 92.0 verm Rôssler (Sté). Préparation de

451.0 3535.0 723.0 104.0 cyanure de potassium. 7.381.

497.0 3596.0 971.0 92.0 Eclairagé des villes et la fabrication.

447.0 3661.0 1021.0 88.0 des compteurs et appareils divers (Cie

443.0 3715.0 1018.0 99.0 pour l’). Cadran indicateur pour comp-

443.0 3784.0 1021.0 99.0 teurs de liquides à horlogerie noyée.

447.0 3830.0 138.0 88.0 7.427.

481.0 3891.0 983.0 99.0 Electrométallurgique. Procédés P. Gi-

432.0 3956.0 1029.0 137.0 rod (Ste). Procédé d’affinage des aciers.

1564.0 363.0 1036.0 114.0 liquides obtenus dans un four à chauf-

1568.0 447.0 283.0 95.0 fage. 7.490.

1614.0 504.0 979.0 96.0 Elévateurs de liquides chaîne-hélice

1571.0 561.0 1022.0 88.0 « Bessonnet-Favre». Chaîne-hélice à

1568.0 626.0 1021.0 88.0 spires concentriques et multiples pour

1575.0 691.0 742.0 96.0 l’élévation des liquides. 7.310.

1617.0 749.0 968.0 95.0 Farbenfabriken vorm F. Bayer et Cie

1568.0 806.0 1021.0 103.0 (Sté). Prod. de combinaisons formées.

1568.0 863.0 531.0 88.0 de la cellulose. 7.570.

1614.0 925.0 971.0 95.0 Farbentabriken vorm F. Bayer et Cie

1571.0 982.0 1010.0 111.0 (Sté). Fils brillants à éclat métallique.

1568.0 1043.0 133.0 84.0 7.338.

1610.0 1093.0 975.0 95.0 Farbenfabriken vorm F. Bayer et Cie

1568.0 1154.0 1017.0 122.0 (Sté). Fabrication d’éthers de la cellu-

1560.0 1219.0 272.0 88.0 lose. 7.612.

1610.0 1276.0 979.0 96.0 Farbwerke vorm Meister Lucius et

1564.0 1345.0 1013.0 96.0 Brunning (Sté). Fabrication d’un colo-

1564.0 1399.0 1013.0 99.0 rant rouge saumon de la série de l’aut-

1568.0 1464.0 459.0 103.0 maquignone. 7.387.

1602.0 1521.0 979.0 99.0 Française « La Dragueuse» (Sté

1552.0 1571.0 842.0 103.0 Anᵐᵉ). Perf. aux dragues. 7.605.

1598.0 1632.0 979.0 99.0 Française d’Exploitation des Appareils.

1552.0 1689.0 1025.0 103.0 Kœrting (Sté). Procèdé de réglage des

1552.0 1754.0 631.0 92.0 appareils à vapeur. 7.562.

1598.0 1823.0 976.0 88.0 Française pour l’exploitation des Pro-

1552.0 1880.0 1018.0 100.0 cédès Thomson-Houston (Cie). Perf. aux

1552.0 1941.0 964.0 92.0 machines à courants alternatifs. 7.583.

1621.0 1999.0 945.0 95.0 Gesellschaft für Forderaulagen Ernest

1556.0 2045.0 1010.0 137.0 Heckel (Sté). Perf. aux culbuteurs.

1556.0 2110.0 130.0 95.0 7.332.

1594.0 2175.0 964.0 103.0 Hoc and Cie (Sté dite). Mécanisme

1545.0 2232.0 1017.0 99.0 livreur et plieur pour machines à im-

1537.0 2297.0 344.0 95.0 primer. 7.458.

1587.0 2335.0 979.0 119.0 Hoc and Cie (Sté dite). Mécanisme

1541.0 2423.0 1025.0 88.0 de découpage pour le papier et autres

1541.0 2476.0 665.0 100.0 matières en feuille. 7.502.

1583.0 2526.0 983.0 100.0 Hoc and Cie (Sté dite). Mécanisme

1541.0 2599.0 1013.0 103.0 plieur rotatif pour presses à imprimer.

1533.0 2656.0 142.0 88.0 7.592.

1583.0 2706.0 979.0 103.0 Hoc and Cie (Sté dite). Presse rota-

1537.0 2771.0 895.0 103.0 tive imprimant sur feuilles. 7.545.

1583.0 2832.0 971.0 103.0 Industrie Chimique à Bâle (Société

1529.0 2905.0 1022.0 95.0 pour l'). Dispositif pour fabriquer du

1529.0 2962.0 1022.0 88.0 chlore et un métal alcalin par électro-

1526.0 3012.0 803.0 95.0 Iyse d’un chlorure alcalin. 7.565.

1575.0 3080.0 972.0 88.0 International Amet Cy (Sté dite). Ap-

1526.0 3138.0 1021.0 111.0 pareil pour la fabrication du gaz d’huile.

1529.0 3191.0 146.0 100.0 7.469.

1568.0 3256.0 979.0 96.0 International Patent und Techniches-

1526.0 3310.0 1017.0 99.0 Bureau, Paul Fabian (Firme). Porte-

1522.0 3367.0 1017.0 103.0 embrasse à patère dans tous les sens.

1533.0 3428.0 130.0 100.0 7.505.

1571.0 3482.0 968.0 114.0 Maison Beer (Sté Anᵐᵉ). Pelle méca-

1522.0 3543.0 1017.0 107.0 nique pour la reprise des matières en

1529.0 3608.0 245.0 96.0 tas. 7.607.

1568.0 3669.0 971.0 96.0 Maschinenbau Ges. Martini et Hunecke.

1522.0 3726.0 1017.0 96.0 M. C. B. (Sté dite). Dispositif de sécu-

1522.0 3791.0 1017.0 104.0 rité pour réservoirs dans lesquels on tra-

1514.0 3856.0 1021.0 115.0 vaille avec des liquides inflammables.

1518.0 3910.0 138.0 92.0 7.462.

1560.0 3960.0 979.0 153.0 Maschinenfabrik Augsburg Nurnberg

1441.0 263.0 230.0 96.0 _ 14 _
