3131 4582
531 332 1024 130 (Sté). Soupape à combustible pour mo-

523 423 1029 103 teurs travaillant avec deux combustibles

535 496 413 80 différents. 7.504.

577 542 975 95 Maschinenfabrik für Tabak. Industrie

527 595 1025 99 G. M. C. H. (Sté). Perf. aux machines

527 672 772 91 à fabriquer les cigares. 7.341.

569 733 979 84 *Plaques et papiers photographiques

542 790 1021 88 A. Lumière et ses fils (Sté Anᵐᵉ des

539 843 1009 96 ploi des quinones pour affaiblir les nua-

531 904 1021 100 ges photographiques aux sels d'argent.

531 973 149 80 7.535.

573 1008 979 103 Rossel-Peugeot (Sté Anᵐᵉ des Construc-

531 1084 1021 88 tions aériennes). Voir : Sté Anᵐᵉ des

535 1149 1017 95 Constructions aériennes Rossel-Peugeot.

535 1202 145 92 7.310.

584 1240 971 111 Signaux Elect. pour chemin de fer

542 1321 1013 95 (Cie de), et Forestier. Dispositif s'adap-

542 1386 1013 80 tant aux leviers mécaniques pour obli-

535 1439 1017 103 ger l'aiguilleur à abaisser la coulisse.

535 1504 141 95 7.516.

581 1538 982 107 Spécial Rechenmaschinen Fabrik-Matz-

542 1618 1021 96 Matzner et Comp. Firme. Machine pour

542 1683 681 84 le calcul des intérêts. 7.522.

584 1744 979 88 Suddeutsche Herd une Bakhofen In-

539 1798 1024 84 dustrie G. M. C. H. (R. Sté). Cuisinière

542 1859 1013 99 avec four à cuire et grille renversable.

546 1920 138 84 7.468.

592 1947 963 118 Textile Appliances Limited (Sté dite).

542 2027 1017 99 Perf. aux supports à tige et aux porte-

546 2103 425 88 coussinets. 7.370.

596 2161 979 91 The Blair Atholl Aeroplane Syndicate

1437 213 264 103 _ 15 _

1597 320 1029 126 Ltd (Sté dite). Perf. aux aéroplanes.

1601 416 146 80 7.548.

1647 439 975 126 Unit Construction Cy (Sté dite). Perf.

1605 526 1013 96 aux constructions en béton armé. 7.409.

1655 584 967 99 Unit Construction Cy (Sté dite). Perf.

1609 641 1013 99 aux constructions en béton armé. 7.408.

1655 702 971 96 Unit Construction Cy (Sté dite). Perf.

1605 775 1021 91 aux constructions en béton armé. 7.407.

1659 832 967 95 Unit Construction Cy (Sté dite). Perf.

1609 893 1025 84 aux constructions en béton armé. 7.406.

1659 950 971 88 Unit Construction Cy (Sté dite). Perf.

1613 1015 1013 92 aux constructions en béton armé. 7.405.

1662 1072 968 84 Unit Construction Cy (Sté dite). Perf.

1613 1126 1017 92 aux constructions en béton armé. 7.404.

1659 1183 971 92 Unit Construction Cy (Sté dite). Perf.

1613 1248 1013 99 aux constructions en béton armé. 7.403.

1659 1309 967 92 Unit Construction Cy (Sté dite). Perf.

1609 1370 1013 88 aux constructions en béton armé. 7.412.

1659 1431 967 92 Unit Construction Cy (Sté dite). Perf.

1613 1489 1013 91 aux constructions en béton armé. 7.411.

1666 1554 960 87 Unit Construction Cy (Sté dite). Perf.

1613 1611 1017 88 aux constructions en béton armé. 7.410.

1666 1672 960 88 *Usines di Pied Selle (Sté Anᵐᵉ des).

1617 1725 1020 92 Fabrication des boutons de serrure en

1620 1798 532 92 métal embouti. 7.482.

1666 1859 968 76 Vierzonnaise de Construction (Sté).

1620 1901 1021 92 Obturateur à clapet équilibré pour la

1617 1966 802 95 distribution de la vapeur. 7.307.

1666 2031 975 84 Wuppertaler Textil Maschinenfabrik

1620 2084 1021 96 G. M. C. H. (Sté dite). Perf. aux bobi-

1609 2153 711 80 neuses automatiques. 7.356.

890 2306 1392 153 Brevets délivrés

737 2462 646 138 I. -- Agriculture

596 2581 979 95 411309. -- Système à ressort ayant

554 2649 1017 92 pour objet la suppression des sauterelles

550 2711 1017 80 de bat-flanc et la sécurité du cheval con-

550 2772 1017 80 tre les accidents de l'embarrure -- F.

550 2829 1021 76 C. Jugnet. -- 6-1-1910 -- 8-4-1910 -- 14-6-

558 2882 1013 84 1910 -- Ce système exerce un travail ins-

558 2947 1020 80 tantané que le garde d'écurie ne saurait

550 3005 1021 84 réaliser en faisant sauter les sauterelles

558 3069 1013 77 qui souvent fonctionnent mal : il supprime

554 3119 1021 92 toutes les sauterelles, vu qu'il les rend

558 3180 848 96 inutiles, et ne coûte pas plus cher.

592 3245 983 76 411326 -- Perfectionnement aux presses

561 3299 1010 91 à alfa. -- 6-1-10 -- 9-4-10 -- 14-6-10 --

558 3367 1020 84 Caractérisé notamment par l'emploi d'un

554 3425 1024 76 cabestan à tambour cylindro-conique

550 3482 1025 91 avec rainure hélicoïdale comportant un

554 3535 1017 92 guide pour la chaîne, ledit tambour, éga-

558 3600 1017 92 lement applicable aux presses à fourrages

558 3654 1017 87 et à paille, et d'une façon générale à tou-

558 3719 1013 87 tes presses pour matières compressibles.

604 3780 982 84 411342 -- Charrue automobile -- 7-1-10

558 3837 1024 88 -- 9-1-10 -- 4-6-10 -- Caractérisée par la

558 3898 1020 84 combinaison de l'ensemble de l'appareil,

565 3955 1024 153 lequel peut-être manœvré facilement

1624 2455 1025 95 si bien qu'il suffit d'un seul homme

1628 2516 1025 95 pour le diriger et pour surveiller en même

1624 2585 1025 87 temps le labour, les socs étant placés en

1628 2642 1021 91 avant du conducteur dont la vue n'est

1636 2707 623 88 gênée par aucun organe.

1674 2749 975 88 411401 -- Coutrier à soc supérieur et

1632 2817 1013 92 soc inférieur -- .i. Mohrig -- 8-1-10 --

1628 2879 1017 91 -- 11-4-10 -- 16-6-10 -- La charrue est ca-

1632 2940 1013 80 ractérisée par ce que le soc supérieur pré-

1632 2997 1021 92 senté une surface plane et une surface

1628 3062 1025 88 gauchie de telle sorte que la motte de

1628 3119 1025 80 terre détachée par ce soc n'est retournée

1628 3180 1021 84 et déversée qu'après que le soc supérieur

1632 3237 1013 92 plus court et de la forme usuelle a retour-

1628 3299 1021 91 né et déversé la motte de terre inférieure

1628 3356 1013 91 qu'il a détachée afin de retourner les deux

1632 3409 1021 92 mottes de terre et les déposer de nouveau

1632 3478 409 84 l'une sur l'autre.

1674 3531 982 88 411409 -- Procédé et appareil pour la

1632 3589 1017 91 destruction des animaux nuisibles ou non,

1632 3654 1021 80 rongeurs, etc... -- Mayfarth -- 8-1-10 --

1628 3703 1025 92 11-4-10 -- 16-6-10 -- Caractérisés par la dis-

1628 3772 1025 88 position d'un ventilateur ou autre dispo-

1628 3822 1025 99 sitif pour aspirer les produits et la combus-

1632 3890 1021 84 tion d'un foyer alimenté par de la paille

1634 3944 1025 137 et du soufre ou autres combustibles, pour
