3163 4587
466 374 1033 130 les envoyer à travers une tuyauterie qui

478 462 1017 119 les dirige où se trouvent les animaux à

470 519 218 92 détruire.

516 577 975 99 4411413 -- Machine pour couper les bou-

466 630 1014 100 tures -- Bues -- 8-1-10 --11-4-10 -- 16-6-

466 691 1017 92 1910 -- Caractérisée par un couteau cir-

466 756 1021 100 culaire actionné de la manière connue en

470 814 1013 91 combinaison, avec un tiroir incliné par

470 879 1010 95 rapport à celui-ci et pouvant coulisser sur

466 928 1021 104 la table ainsi qu'avec un appendice ou

474 1001 933 88 joue, longitudinal écarté dudit tiroir.

508 1058 975 81 411504 -- Semeuse -- Meissner -- 12-1-

466 1104 1014 96 1910 -- 13-3-1910 -- 18-6-1910 -- Caractéri-

470 1165 1013 96 sée par une bande de transport amenant

466 1234 1014 84 les grains un à un de la boîte qui les con-

462 1292 1018 91 tient à un tube de chute où ces grains

466 1353 1014 88 reçoivent une direction déterminée, de fa-

462 1418 1014 80 çon à tomber dans une direction sensible-

462 1471 693 92 ment verticale sur le champ.

501 1521 975 103 411549 -- Nouvelle bague immatricule

462 1586 1014 99 pour pigeons et oiseaux de basses-cours et

458 1647 1022 88 de volière -- Van der Avoort -- 14-1-1910

455 1708 1025 80 -- 13-4-1910 -- 18-6-1910 -- Portant des

458 1758 1018 99 inscriptions, soit à jour, soit en creux,

455 1827 1021 84 soit en relief ou encore constituée par un

455 1880 1021 100 assemblage de lettres, l'inscription étant

458 1945 1014 84 protégée par une matière transparente

455 2002 1013 100 qui les recouvre entièrement ou partiel-

458 2067 180 88 lement.

497 2121 971 88 411563 -- Rouleau ondulé à billes multi-

451 2182 1017 84 ples et indépendantes destiné à l'agricul-

455 2243 1013 84 ture -- Société A. Bernet, Charoy et fils

455 2301 1009 91 -- 3-1-1910 -- 14-4-1910 -- 20-6-1910 -- L'in-

451 2358 1013 88 vention consiste à composer le rouleau on-

451 2419 1013 88 dulé d'un nombre relativement grand de

451 2476 1013 96 billes ayant une largeur assez faible, soit

447 2541 1014 85 environ un cinquième à un tiers de leur

447 2591 1017 103 diamètre et portant à leur périphérie deux

447 2656 1017 92 nerveuses relativement espacées, dans le

447 2706 1021 111 but de réduire au minimum l'adhérence de

447 2775 486 91 la terre au rouleau.

481 2821 972 99 411608 -- Tondeuse-araseuse pour bor-

436 2893 1025 92 dures de gazons. -- Pollart -- 17-1-1910

436 2947 1021 99 14-1-1910 -- 21-6-1910 -- Caractérisée par

436 3008 1021 99 la forme générale qui peut être à une ou

436 3069 1025 99 deux roues portantes et motrices ; par la

436 3126 1021 100 disposition du couteau rotatif plat avec

436 3180 1025 103 dents courbes ou droites circulant devant

436 3249 1025 84 une contre-lame fixée au bec du bâti, bec

436 3306 1013 96 qui a pour but de relever automatique-

436 3367 1013 88 mnet les brins pour les présenter aux

436 3417 1013 103 lames du couteau. Ce bec pouvant être

432 3486 1017 91 d'une pièce ou avoir la forme d'un pei-

432 3539 1021 103 gne à dents horizontales et prenant les

436 3600 523 88 brins à l'avancement.

470 3654 979 92 411638. -- Machine pour répandre le fu-

428 3726 1021 81 mier d'étable -- Beckmann -- 17-1-1910

424 3784 1025 92 -- 15-4-1910 -- 21-6-1910 -- Caractérisée :

424 3837 1025 96 par un fond formé de deux grilles se dé-

424 3898 1021 96 plaçant obliquement vers le haut permet-

424 3952 1021 103 tant ainsi de régler l'ouverture de sortie

439 4017 1006 126 du fumier et à la hauteur d'action des

1388 252 256 134 _ 16 _

1541 382 1025 126 dents transporteuses en évitant toute dé-

1537 473 1025 92 pense inutile. Au-dessous de chaque gril-

1541 531 1017 88 le de fond sont situées deux ou plusieurs

1537 584 1025 96 rangées de dents qui sont animées d'un

1537 649 1021 100 mouvement de va-et-vient parallèle aux

1537 699 1017 103 barreaux des grilles ; pendant le mouve-

1537 764 1021 99 ment ascendant les dents se couchent

1537 829 1017 88 pour ne pas entraîner le fumier, en mê-

1537 894 1021 88 me temps qu'elles raclent le fumier qui

1552 940 903 95 vient se coller sur les grilles du fond.

1583 1005 975 95 411654 -- Récipient pour des plantes et

1537 1058 1014 88 des fleurs -- Steiner et Egty -- 18-1-1910 --

1545 1123 1002 96 15-4-1910 -- 22-6-1910 -- Caractérisés par

1537 1173 1014 103 une doublure consistant en une caisse en

1533 1242 1018 99 tôle possédant un fond penché, dont le pied

1533 1303 1018 92 le plus bas communique au moyen d'un

1529 1364 1025 88 canal avec une petite caisse, qui peut être

1529 1421 945 88 retirée et qui reçoit l'eau d'écoulement.

1686 1544 715 126 II. -- Alimentation

1568 1624 986 126 411338 -- Appareil pour la fabrication

1526 1716 1028 84 continue du sirop de sucre à froid. -- E.

1526 1769 1021 100 Bébieu -- 7-1-1910 -- 9-4-1910 -- 14-6-1910

1529 1830 1018 96 -- Cette invention comprend essentielle-

1522 1892 1021 88 ment un récipient à deux parties qu'on

1522 1953 1025 88 peut boulonner facilement l'un sur l'autre;

1522 2010 1025 92 la partie supérieure destinée à recevoir le

1522 2071 1021 96 sucre brut et l'eau, étant fermée en bas

1522 2129 1021 88 par un fond amovible perforé et la partie

1522 2182 1017 100 inférieure pourvue d'un robinet, étant

1522 2247 1017 88 destinée à recevoir le sirop de sucre fabri-

1522 2312 1006 84 qué, ce qui permet de loger la matière fil-

1522 2354 1017 111 trante dans un cuvette amovible à fond

1522 2415 1013 119 perforé que l'on place entre les deux par-

1522 2488 493 80 ties susmentionnées.

1560 2534 979 103 411341 -- Procédé de traitement des bas

1514 2606 1021 85 produits ou égoûts pauvres des sucreries

1518 2664 1021 95 et raffineries -- P. Lagrange -- 7-1-1910

1529 2725 1006 96 -- 9-4-1910 -- 14-6-1910 -- Consiste essen-

1529 2775 999 95 tiellement à opérer la concentration sans

1514 2843 1017 88 pression, des égoûts, aux températures

1514 2905 1017 88 exactement correspondantes aux quotients

1518 2954 1013 96 de pureté de ces égouts, puis tout en les

1514 3019 1021 92 conservant rigoureusement à une alcalini-

1514 3073 1021 95 té variant de 0,700 à 1 gr. par litre pour la

1510 3134 1025 92 betterave et à 1 gr. 500 à 2 gr. d'alcalinité

1506 3191 1025 103 par litre pour la canne, à les soumettre à

1510 3256 1021 111 un refroidissement rapide jusqu'à tempé-

1510 3321 582 81 rature de cristallisation.

1552 3379 972 88 411359 -- Procédé rationnel de vinifica-

1506 3436 1018 99 tion, partie en blanc, partie en rouge. --

1506 3486 1018 107 E.-A. Barbet. -- 10-1-1909 -- 11-4-1910 --

1506 3554 1014 88 15-6-1910 -- Ce nouveau système est pra-

1506 3608 1014 96 tiqué au moyen d'une batterie de macéra-

1503 3677 1017 88 teurs, qui assure l'immersion constante

1499 3734 1021 92 des pellicules et leur épuisement, non en

1503 3799 1017 84 sucre, mais en matières colorantes, ex-

1499 3845 1021 118 tractives et fruitées pour l'amélioration

1503 3921 221 84 des vins.

1545 3971 967 103 411485 -- Concasseur pour fruits à co-

1510 4021 995 137 ques dures -- J. Fleury -- 13-1-1910 --12-
