3131 4582
550 389 1025 118 4-1910 -- 17-6-1910 -- Agissant soir par

546 477 1029 103 projection, soit par une chute, composé d'un

546 538 1025 95 élévateur ou distributeur des fruits à cas-

546 603 1025 88 ser, d'une roue à augets animée d'un mou-

550 656 1021 103 vement circulaire, d'une surface dure con-

546 706 1025 114 tre laquelle sont projetés les fruits et d'un

546 763 1021 107 système de toiles métalliques ou autres

546 836 1021 95 moyens de triage connus pour séparer les

550 893 508 88 coques des amandes.

588 958 975 84 411490 -- Appareil de fermentation pour

542 1004 1025 103 la crême avec cuve agitée pourvue d'un

546 1065 1017 99 système réfrigérant. -- Société Bergedor-

542 1134 1021 91 fer Eisenwerk Aktienfesellschaft -- 12-

542 1191 1025 99 1-1910 -- 12-4-1910 -- 17-6-1910 -- Caracté-

542 1252 1025 92 risé en ce que : la cuve elle-même est mise

542 1298 1021 107 en mouvement ; la cuve ayant la forme

542 1366 1021 107 d'une auge allongée ouverte en haut, est

531 1424 1028 95 mise en mouvement oscillant sur des tournil-

535 1477 1028 111 lons disposées soit sur l'axe longitudinal

531 1550 1028 88 soit sur l'axe transversal de la cuve; que

531 1599 1028 107 les tourillons de cette cuve sont disposés

531 1657 1028 107 l'un dans un coussinet sphérique et l'autre

535 1733 665 84 dans un excentrique rotatif.

573 1786 990 100 411556 -- Perfectionnement aux boîtes de

531 1844 1024 103 conserves -- Société anonyme des établis-

531 1905 1036 88 sements Arsène Saupiquet -- 14-1-1910 --

531 1954 1021 107 13-4-1910 -- 20-6-1910 -- Permettant de sou-

531 2008 1024 111 der la bande de fermeture extérieurement

531 2084 1021 92 et sur une partie seulement de sa largeur

527 2142 1028 95 qui consiste à pratiquer, dans cette bande

527 2195 1028 115 des découpures dans la partie qui doit être

535 2256 183 92 soudée.

565 2325 994 95 411593 -- Enveloppe collectrice pour écré-

527 2378 1025 96 meuses centrifuges -- O. Negwer -- 15-1-

527 2436 1025 103 1910 -- 14-4-1910 -- 20-6-1910 -- Caractéri-

527 2497 1021 103 sée en ce qu'elle est établie sou forme d'un

527 2554 1025 99 récipient cylindrique, ouvert à sa partie

527 2627 1017 84 supérieure et qui est déplaçable verticale-

527 2676 1017 103 ment au moyen d'un coulisseau et d'une

527 2741 994 88 glissière, le long du bâti de la machine.

569 2798 979 111 411609 -- Moulin employé à la fabrication

519 2867 1025 88 du lait de soya. -- Yu Ying Li -- 17-1-1910

531 2924 1009 103 -- 14-4-1910 -- 21-6-1910 -- Caractérisé par

523 2978 1013 103 le rayonnage des meules qui comporte des

516 3047 1024 95 canaux courbes dont la largeur et la pro-

512 3108 1028 99 fondeur vont en diminuant du centre à la

512 3165 1024 92 circonférence en combinaison avec des ca-

512 3218 1024 100 naux droits dont la largeur la profon-

512 3283 1028 96 deur diminuent également en allant du cen-

512 3348 550 92 tre à la circonférence.

561 3413 975 99 411628 -- Appareil pour soulever et re-

512 3474 1028 96 dresser le ruvan de pâte dans les pétrins

512 3543 1024 92 à caisse tournante. -- Barberies -- 14-1-1910

516 3600 1017 88 -- 15-4-1910 -- 21-6-1910 -- Caractérisé par

508 3650 1028 107 deux rouleaux coniques pouvant tourner

512 3722 1024 84 autour de leurs axes inclinés de façon à

508 3776 1025 95 être toujours tangents à un plan parallèle

508 3845 1028 76 au fond de la caisse, le premier de ces

504 3887 1025 99 rouleaux coniques étant plus aigu que

504 3948 1025 110 l'autre, dans le but de soulever et porter

504 4016 956 107 droit le ruban de pâte sans frottement.

1468 286 259 114 _ 17 _

1674 400 975 130 411683 -- Baratte à récipients divers --

1628 488 1021 100 G. Michel. -- 18-1-1910 -- 16-4-1910 -- 22-6-

1628 542 1021 114 1910 -- L'invention consiste dans une ba-

1628 607 1021 110 ratte faite de lames réunies à diverses

1624 668 1021 103 hauteurs sur l'axe et montées de façon

1620 733 1021 107 à faire corps avec le mécanisme et le cou-

1628 790 1013 107 vercle disposé de façon à s'adapter sur

1624 851 1021 115 n'importe quel récipient, auquel il peut être

1636 912 95 92 fixé.

1666 966 971 114 411684 -- Fausset à clapets par billes,

1620 1034 1029 103 avec fermeture automatique, pour le souti-

1624 1084 872 107 rage des tonneaux -- Dorier -- 19-1-

1620 1145 1021 111 16-4-1910 -- 22-6-1910 -- Caractérisé par

1613 1206 1028 111 l'emploi de billes formant clapets sur des

1620 1271 1017 92 sièges coniques, ces billes étant soule-

1620 1328 1017 103 vées par la dépression de l'air pour per-

1617 1397 1024 95 mettre l'aspiration lors du soutirage du

1617 1443 1024 99 tonneau, et empêchant toute entrée ou

1617 1504 1020 111 sortie d'air de ce dernier, lorsqu'elles repo-

1620 1561 482 99 sent sur leur siège.

1662 1626 972 96 411686 -- Application aux moulins con-

1613 1680 1017 114 casseurs à meules de la butée à rotule,

1613 1748 1021 107 avec ou sans roulement à billes. -- Société

1613 1802 1017 91 Simon frères -- 19-1-1910 -- 16-4-1910 --

1617 1863 1013 95 22-6-1910 -- Adaptation de la butée à rotu-

1613 1924 1017 103 le et à billes (avec ou sans gorges de

1613 1989 1021 91 roulement) aux moulins concasseurs à

1613 2050 1021 95 meules, de tous systèmes, fonctionnant à

1613 2103 1017 103 bras ou au moteur par manège, pourvus

1613 2168 1013 103 ou non de ressorts de sûreté et de disposi-

1613 2214 627 111 tifs réglant la distribution.

1670 2348 895 111 III. -- Chemins de fer

1865 2439 493 111 et tramways

1647 2531 979 103 411331 -- Crochets automatiques pour

1605 2596 1017 95 wagons à berces -- Société nouvelles des

1601 2657 1025 92 établissements Decauville aîné. -- 6-1-1910

1613 2718 1013 99 -- 9-4-1910 -- 14-6-1910 -- Cette invention

1597 2772 1021 107 est relative à un dispositif de sécurité pour

1605 2829 1021 103 wagonnets à berce, destiné à maintenir la

1597 2898 1021 91 caisse dnas sa position verticale en s'op-

1597 2959 1021 88 posant à son basculement dans un sens ou

1597 3016 1025 92 dans l'autre, ce dispositif comprenant

1597 3077 1017 99 deux crochets montés à pivot sur le che-

1597 3134 1017 96 min de roulement aux extrémités de la ber-

1601 3188 92 91 ce.

1643 3253 975 91 411420 -- Wafon à déchargement auto-

1590 3310 1017 92 matique -- C.-E. Mangin, -- 8-1-1910 --

1605 3367 1002 100 11-4-1910 -- 16-6-1910 -- Caractérisé es-

1594 3425 1017 99 sentiellement par la combinaison suivante :

1597 3486 1014 99 Une caisse de forme quelconque repose

1597 3554 1010 100 sur un châssis de wagonnet ordinaire par

1586 3612 1025 84 l'intermédiaire de paliers pouvant coulisser

1586 3669 1021 103 horizontalement dans des glissières prati-

1582 3726 1025 92 quées dans ledit chemin et d'un longeron

1582 3791 1029 96 de butée latéral ; entre l'axe de rotation de

1582 3845 1021 91 la caisse et le longeron de butée, est dispo-

1590 3902 1013 103 sé un cylindre qui peut tourilloner dans

1582 3971 1017 95 des paliers horizontaux fixés au châssis

1578 4035 1029 123 du wagonnet. Dans ce cylindre peut se dé-

2469 4097 77 145 2.
