3117 4587
504 397 1974 233 Demandes de Brevets déposés en France

432 741 1032 134 Demandes déposées les 7-8 et 9

493 863 30 92 juin 1910.  N° 7058  à  7212.

497 909 963 123 Adamson et Sté dite Still et Sons Ltd.

447 982 1013 111 Perf. à la fabrication des manchons pour

443 1047 1014 103 I’éclairage à incandescence par le gaz.

451 1127 134 84 7.180.

485 1150 979 115 Allen. Perf. dans la fabrication des

447 1230 528 107 boulons et vis. 7.064.

493 1272 979 107 Alloatti. Roue de véhicule à grande

451 1356 424 96 adhérence. 7.115.

493 1399 979 107 Arrault et Brochot (Sté). Perf. aux

447 1475 971 96 pompes à fourreau pour forages. 7.207.

497 1532 983 100 Audibert. Produit pour l’alimentation

451 1593 505 100 des animaux. 7.130.

497 1651 975 99 Auvray. Brancard pliant pour trans-

451 1704 845 107 port de malades ou blessés. 7.134.

497 1769 975 88 *Bailleul. Perf. aux moteurs à explo-

451 1830 677 104 sions sans soupapes. 7.138.

501 1869 971 107 Bajde. Clavier combiné avec un dis-

455 1949 1009 103 positif à pédale pour instrument à ar-

455 2014 1021 88 chet pour l'obtention des mesures et

451 2071 761 96 l’exécution des tremolos. 7.083.

501 2132 975 88 Barbier. Benard et Turenne (Socié-

455 2190 1021 92 té). Dispositif pour la double déténte du

458 2255 1006 92 gaz sous pression employé pour l’éclai-

462 2316 287 92 rage. 7.068.

501 2362 829 92 Barbieux. Roue élastique. 7.127.

501 2427 975 88 Barnaud. Perf. aux bordures protec-

455 2488 940 88 trices pour bas de vêtements. 7.166.

501 2553 979 76 Bataille et Marocco. Appareil de pu-

451 2603 922 88 blicité lumineuse en couleurs. 7.062.

504 2668 976 99 Benard et Turenne (Sté Barbier).

462 2725 497 84 Voir Barbier. 7.068.

501 2767 975 99 *Berliet. Dispositif d’auto-verrouilla-

455 2851 1021 88 ge réciproque pour organes de machines.

462 2912 142 88 7.061.

501 2966 982 80 Berry. Perf. dans les commutateurs

455 3031 1021 91 électriques coupe-circuits ou fusibles.

458 3084 146 103 7.111.

501 3130 979 100 Berry et Markham. Perf. dans les

466 3207 1010 95 plombs fusibles de commutateurs proté-

462 3264 585 95 gés ou cuirassés. 7.112.

504 3310 976 107 Blackwell et Cuttill. Appareil perfec-

474 3382 1006 96 tionné pour traiter et nettoyer les dé-

466 3444 872 84 chets de cotons et analogues. 7.081.

512 3505 933 88 *Bœspflug. Matière plastique. 7.149.

516 3562 971 92 Bosch (firme). Dispositif d’allumage

474 3619 1013 104 pour moteurs à explosions de grande

466 3684 413 92 puissance. 7.074.

508 3726 975 100 Bosch (firme). Fabrication de carcas-

470 3803 1010 95 ses de magnétos d’allumage pour mo-

466 3868 631 84 teurs à explosions. 7.073.

512 3910 975 111 Bosset et Cachard. Machine à tisser

458 3975 482 118 tous textiles. 7124.

1453 233 61 118 _ 2 _

1556 691 987 146 Bosshard. Roue pour véhicules sur

1514 787 325 107 routes. 7. 155.

1568 825 967 122 Bouchaud-Praceiq. Ensemble à inter-

1525 913 1010 96 régulation à travail proportionnel for-

1522 959 1013 107 mant type d’installation pour le captage

1522 1020 1013 111 de l’énergie cinétique des ondes mari-

1525 1097 257 95 nes. 7.136.

1568 1131 979 118 Bourquard. Indicateur de tourisme.

1525 1223 142 84 7.198.

1568 1246 979 122 Boyer. Equilibrage automatique des

1522 1337 447 88 aéroplanes. 7.088.

1568 1376 975 99 Boyer et Robberechts. Procèdé pour

1525 1448 1022 100 aseptiser les tissus et principalement les

1522 1506 470 91 tissus épais. 7206.

1568 1548 975 110 Bremer et C°. Voir Sté dite : Maschi-

1522 1620 1021 107 nen Armaturen Fabrik vorm H. Bremer

1522 1689 306 103 et C°. 7.191.

1568 1681 979 161 Brochot (Sté Arrault et). Voir Ar-

1525 1808 299 87 rault. 7 207.

1571 1861 979 96 Bruggemann et Wirsick. Fermeture

1522 1922 967 96 pour gants et pièces analogues. 7.099.

1571 1976 976 99 Brukenhaus et Lorenz (Sté). Disposi-

1529 2041 1018 103 tif régulateur pour installations de

1525 2106 872 84 chauffage par l’eau chaude. 7.183.

1571 2159 976 92 Cachard (Sté Bosset). Voir Bosset.

1518 2220 149 96 7.124.

1571 2285 983 88 Calot. Traverse de chemin de fer en

1525 2347 716 87 béton de ciment armé. 7.156.

1571 2396 983 88 Cambessédès. Dispositif pour pro-

1537 2469 1013 88 duire l’allumage au démarrage des mo-

1533 2530 631 92 teurs à explosions. 7.076.

1571 2576 983 88 Caron et Rodier. Navette pour mé-

1537 2637 505 96 tiers à tisser. 7.090.

1575 2683 975 103 * Cassella et C° G. m. b. H. (Sté). Pré-

1533 2767 1017 92 paration de dérivés halogénés d’indo-

1529 2813 1018 111 phénols en partant des carbazols. 7.103.

1583 2882 967 91 *Chaplet. Procédé pour maintenir en

1533 2878 1017 157 *Chaplet. Procédé pour maintenir en état de charge les accumulateurs élec-

1541 3004 860 99 triques ou piles secondaires. 7.101.

1583 3065 979 84 Chaumet. Dispositif de montage des

1529 3126 949 96 pierres employées en joaillerie. 7.091.

1575 3187 983 96 Child. Perf. aux désintégrateurs cen-

1537 3237 367 96 trituges. 7.082.

1579 3287 979 107 Clark. Méthode perfectionnée pour re-

1537 3356 1017 95 couvrir des feuilles minces de fer ou

1537 3413 1021 96 d’acier, etc., avec du cuivre ou ses al-

1545 3486 317 80 liages. 7.147.

1583 3528 975 95 Clarke. Perf. aux bateaux pour mar-

1545 3600 409 88 chandises. 7.089.

1587 3642 967 130 Clavenad. Indicateur de stabilté.

1537 3715 145 99 7.117.

1583 3761 971 122 Clerc. Machine à couper la viande,

1545 3845 749 99 le pain, le fromage, etc. 7.192.

1583 3898 979 123 Couinaud. Patin à billes de roule-

1533 3975 314 141 ment. 7086.
