3131 4582
615 416 963 91 Courouble. Enveloppe protectrice en

573 477 1005 88 cotte de mailles avec bande de roule-

573 542 1005 91 ment amovible pour pneumatiques. 7.060.

611 591 967 115 Cuttill et Blackwell. Voir Blackwell.

569 633 145 111 7.081.

611 694 967 126 *Darras-Verbièse et Verbièse. Filtre

573 771 528 91 presse continu. 7.110.

619 836 959 99 Delaval. Appareil pour enduire de

565 901 1013 103 craie les procédés des queues de billards.

573 954 141 96 7.170.

611 988 967 119 Derbier et Gonot. Couvercle pour

569 1069 543 99 verres à boire. 7.078.

596 1118 986 138 Doignon. Compas liquide à flotteur.

565 1179 149 103 7.161.

611 1244 967 111 *Ducancel et Sté Gouthière et Cie. Fa-

565 1313 1013 92 brication du sulfate de cuivre au moyen

554 1370 1024 111 de cuivres de cémentation et des soufres

569 1431 413 96 précipités. 7066.

607 1492 971 104 *Ducancel et Sté Gouthière et Cie. Ex-

561 1557 1017 96 traction du soufre des masses d’épura-

558 1607 1020 99 tion du gaz d’éclairage et autres résidus

569 1680 440 80 industriels. 7.065.

607 1725 971 111 *Ducretet et Roger (Société) et Paillet.

561 1783 1017 107 Electrisation applicable aux différentes

561 1855 972 96 opérations de l’industrie textile. 7.167.

604 1916 718 96 Duffec. Chalit pliant. 7.196.

604 1966 929 111 Durban. Chaudière à vapeur. 7.143.

600 2038 978 104 *Dussaud. Foyer lumineux à grande

554 2088 860 115 intensité par concentration. 7.173.

592 2161 986 110 Duvieusart. Extraction du nitrate de

554 2222 1024 99 soude contenu dans les argiles ou dans

558 2271 458 96 les schistes. 7.179.

596 2348 982 95 Falisse. Invention d’un dispositif de

554 2397 604 104 fixation pour ski. 7.131.

596 2462 742 96 Fénot. Etabli portatif. 7. 058.

596 2531 975 99 Féraud. Centimètre de tailleur. 7.200.

596 2607 967 100 Finchelstein. Aéroplane biplan. 7.095.

600 2672 967 96 Fontaine. Perf. aux réservoirs de

550 2726 1009 126 chasse à amorcage par éjections d’eau

550 2775 145 92 7.197.

596 2840 971 119 Fossi. Nouveau type de pneumatique

542 2917 547 91 pour véhicules. 7.079.

592 2970 975 99 Fowler. Manchons de raccordement

550 3035 776 92 avec soupape de sûreté. 7.146.

592 3100 963 111 Froment. Assemblage pour construc-

550 3150 298 95 tions. 7.104.

604 3207 967 111 *Gallov. Fabrication d’aliments sucrés.

554 3260 141 103 7098.

592 3333 975 122 Gardon et Moutin. Emballage mixte

546 3402 512 91 pour verrerie. 7.129.

596 3459 959 122 Gaziello et Maurin. Procédé de publi-

550 3528 268 84 cité. 7.126.

592 3562 971 115 Girod. Voir : Sté anonyme Electrométal-

546 3631 684 99 lurgique Paul Girod. 7.194.

588 3703 922 88 Glednill. Caisse enregistreuse. 7.154.

592 3764 956 96 Gonot et Derbier. Voir Derbier. 7.078.

592 3810 963 126 *Gouthière et Cie et Ducancel. Voir

546 3867 409 107 Ducancel. 7066.

592 3936 967 107 *Gouthière et Cie et Ducancel. Voir

546 3986 409 114 Ducancel. 7065.

1506 286 233 99 — 3 —

1693 389 971 134 Grolleron. Appareil d’accrochage au-

1651 488 772 96 tomatique pour wagons. 7.121.

1697 557 956 73 Guimard. Franges pendeloques diffu-

1647 607 1002 99 santes pour luminaires, lustres, etc.

1655 668 134 84 7.178.

1701 706 948 118 *Guthier et Sté Lyonnaise de Mécani-

1647 782 1013 107 que et d’Electricité. Appareil ascenseur

1647 847 669 88 translato-descendeur. 7.072.

1689 901 956 99 Habay. Moules multiples pour la fa-

1651 962 994 95 brication des poutres T ou double T ou

1647 1030 1009 100 autres pièces en béton de ciment armé

1643 1076 799 103 ou aggloméré quelconque. 7.171.

1689 1153 964 95 Hall et Steinweg. Dispositif pour le

1643 1210 998 84 nettoyage des cheminées ou verres de

1647 1267 348 92 lampes. 7.113.

1689 1309 960 126 Halske A. G. (Sté Siemens). Fabrica-

1640 1378 527 95 tion du verre. 7.169.

1689 1428 952 122 *Harlé et Cie (Sté). Relais monotoni-

1640 1508 267 103 que. 7075.

1685 1561 964 103 Hedrich. Boisage à deux parois pour

1643 1626 1002 122 la construction des murs battus ou cou-

1640 1683 244 100 lés 7.152.

1678 1733 975 126 Hemmi et Di Spirito (firme : Fratelli).

1636 1809 1020 107 Machine pour la fabrication des vis à

1632 1874 283 96 bois. 7.195.

1678 1924 986 122 Hengerer et Ryan. Douilles pour lam-

1632 2000 535 100 pes électriques. 7.084.

1678 2054 975 114 Herberts et Firme : Fortuna Werke A.

1632 2122 875 96 Hirth. Appareil de réclame. 7.189.

1682 2184 967 107 Hirth. Voir firme : Fortuna Werke A.

1632 2241 623 99 Hirth et Herberts. 7.189.

1674 2310 975 95 Huillier. Dispositif de glace protec-

1628 2378 1021 111 trice particulièrement applicable aux au-

1636 2447 409 80 tomobiles. 7.210.

1674 2501 979 95 Hurst. Dispositif pare-navette pour-

1624 2565 535 81 métier à tisser. 7.175.

1674 2627 895 103 Jahde. Réflecteur à miroir. 7.176.

1674 2695 975 96 Jean. Application de perles et émaux

1628 2756 1017 96 montés sur métaux précieux sur des ob-

1624 2806 971 103 jets de céramique et de verrerie. 7.063.

1678 2867 971 99 Kahlhoven. Dispositif permettant l’alé-

1628 2932 1021 103 sage et le réalisage faciles des cylindres

1628 2997 1013 111 de moteurs sur des tours quelconques.

1624 3047 138 91 7.137.

1674 3115 975 92 Kattmann. Dispositit automatique de

1624 3169 1017 133 démarrage pour moteurs électriques.

1624 3234 138 99 7.209.

1674 3279 872 119 *Kapterer. Roue auxiliaire. 7.077.

1670 3348 975 99 Klaber. Classeur pour correspondan-

1624 3421 795 88 ce et papiers quelconques. 7.092.

1674 3474 971 99 Klônne (firme A.). Dispositif pour re-

1624 3524 501 103 froidir le gaz. 7.100.

1670 3593 975 99 Kryloff et Cie (Sté). Moteur à combus-

1632 3654 791 99 tion à cycle à deux temps. 7.185.

1674 3715 971 99 *Labatut. Dispositf de mise en mar-

1617 3780 967 91 che pour moteurs d’automobiles. 7097.

1662 3837 975 107 Labeille. Foyer lumineux à haute in-

1624 3902 1013 99 candescence par l’acétylène ou autre gaz

1620 3959 1010 103 combustible mélangé à l’oxygène. 7.102.

1659 4009 982 126 *Lacoste. Dispositif pour la produc-
