3117 4587
416 431 1022 138 tion de courants à haute fréquence.

420 542 138 92 7.116.

462 577 976 122 Laitier. Patin à roulettes muni d’un

416 642 1018 118 dispositif spécial pour faciliter les vira-

420 733 264 107 ges. 7.184.

466 756 872 130 Lange. Veilleuse électraique. 7.157.

466 825 979 122 Laurent et Oudry. Recalibreur de.

413 902 527 99 douilles Lebel. 7.087.

474 936 964 122 Lavazeur. Appareil pour la fabrication

420 1020 800 103 à froid du sirop de sucre. 7.122.

470 1070 975 107 Lécuyer. Dispositif pour le découpage.

428 1139 1017 91 des pains azymes gaufrés ou non et pro-

420 1204 578 107 duits similaires. 7070.

470 1257 979 92 Lederer (A. et E.). Traitement des vi-

428 1326 673 95 masses de distillerie. 7.163.

470 1360 979 115 Lenwer (Sté Frantz). Voir Sté Frantz

428 1441 1021 99 Lenwer Lanternen Reckbame G. m. b.

432 1517 233 84 H. 7.144.

474 1548 975 110 Lindsay. Composition inodore à base

428 1628 520 88 de pyroxiline. 7.067.

485 1662 953 119 Littig. Perf. aux systèmes de suspen-

439 1743 1010 95 sion et notamment aux porte-pantalons.

447 1811 130 100 7.142.

478 1842 975 111 Lorenz (Sté Bruckenhaus). Voir Bruc-

432 1934 382 84 kenhaus. 7.183.

481 1964 689 107 Mc Nair. Projectile. 7.164.

481 2037 972 95 Madler (firme). Porte-monnaie. 7.158.

478 2098 982 99 *Major. Appareil de projections fixes

439 2163 972 84 ou animées pour corps opaques. 7.105.

489 2213 926 99 * Mancheron. Zinc pour piles. 7.094.

501 2270 956 111 Mannix et Norton. Appareil pour ob-

474 2331 986 103 tenir un moulage de la courbure natu-

443 2400 803 92 relle de la plante du pied. 7.160.

493 2434 964 111 Markham et Berry. Voir Berry. 7112.

489 2515 964 95 Marocco et Bataille. Voir Bataille.

447 2580 141 91 7.062.

485 2614 979 115 Maurin et Gaziello. Procédé de publi-

432 2706 279 88 cité. 7.126.

489 2729 971 122 Mégy et Cie (Ron Sle). Organe tam-

447 2809 1013 107 ponneur, amortisseur, limitateur de for-

443 2882 230 95 ce. 7. 153.

493 2939 975 99 Merrheim. Appareil de publicité.

451 3004 134 88 7.118.

493 3038 975 115 Mrillet. Semelle en caoutchouc pour

451 3122 616 85 chaussure en cuir. 7.059.

493 3180 979 99 Miniscloux. Dispositif mécanique sans

458 3230 1010 110 engrenages ni courroies, pour commande

443 3294 1029 92 de changement de vitesse pour véhicu-

455 3359 872 85 les et appareils mécaniques. 7.071.

497 3405 983 100 Mitchelhill. Lit à matelas percé pour

455 3482 650 92 malades et infirmes. 7.085.

501 3524 967 111 Moutin et Gardon. Voir Gardon. 7. 129.

501 3596 971 85 Mundorf. Machine à lainer à garni-

458 3650 1025 99 ture de corde avec cylindres laineurs et

462 3719 647 84 baguettes laineuses. 7. 186.

504 3772 976 92 Neuhaus (firme Wurfel). Transpor-

455 3826 1013 103 teur à secousses pour les mines, etc.

466 3898 138 88 7.159.

508 3937 968 107 Norton et Mannix. Voir Mannix. 7.160.

504 4013 972 111 Oudry et Laurent. Recalibreur de

466 4074 516 123 douilles Lebel. 7087.

1342 305 233 157 — 4 —

1537 412 964 126 *Paillet et Societé Duereiet et Roger.

1487 504 494 99 Voir Ducretet. 7.167.

1537 561 968 115 Payne et Watkinson. Appareil per-

1491 626 1014 115 fectionné pour régler ou controler la ten-

1491 691 1014 104 sion du courant dans un circuit élec-

1491 764 318 88 trique. 7.199.

1537 779 968 130 Ponthus-Dessagne. Transporteur au-

1495 867 1013 111 tomatique de bouteilles pour fours à re-

1487 928 899 96 cuire ou autres applications. 7. 120.

1537 990 933 99 Provost. Moteur à explosions. 7.119.

1541 1051 876 95 Psarski. Machine à teindre. 7.096.

1541 1097 983 126 Quintanilla. Extraction des huiles vé-

1491 1181 352 103 gétales. 7.106.

1548 1227 972 107 Read Holliday et Sons Ltd (Sté). Voir

1499 1284 948 103 (Sté Read Holliday et Sons Ltd. 7.151.

1548 1349 976 107 Reich. Talon de chaussure à dessous

1499 1414 570 103 interchangeable. 7.108.

1552 1467 972 96 *Rivière. Fabrication de savons de

1503 1536 520 107 toutes espèces. 7.168.

1552 1586 972 107 Robberchts et Boyer. Voir Boyer.

1514 1658 134 107 7.206.

1552 1689 972 134 Rodier et Caron. Navette pour mé-

1503 1781 493 92 tiers à tisser. 7.090.

1556 1830 975 104 *Roger (Société Ducretet et Paillet).

1510 1895 501 115 Voir Ducretet. 7467.

1556 1934 968 122 Roncin. Fabrication de la glace. 7.148.

1556 2014 968 107 Roulanowitsch. Régulateur pour ap-

1506 2067 876 111 pareil télégraphique Baudot. 7.080.

1560 2140 646 92 Rousseau. Semoir. 7.133.

1564 2190 964 111 Ryan et Hengerer. Voir Hengerer.

1518 2270 145 92 7.084.

1560 2304 971 119 Samuel. Distributeur automatique de

1522 2373 1013 107 petits livres ou carnets d’adresses clas-

1525 2438 605 100 sés par catégories. 7.093.

1564 2488 971 111 Sayer. Perf. aux dispositifs d’accou-

1525 2549 1006 111 plement des véhicules de chemins de fer.

1529 2637 138 92 7.188.

1564 2652 979 119 Sayer. Allègement de corps au moyen

1522 2729 1013 103 d’un vide central retenu par une péri-

1525 2782 1022 119 phérie de cellules contenant du fluide

1525 2855 498 95 sous pression. 7. 145.

1568 2893 948 122 Schœnfeld. Machine à broder. 7 212.

1568 2970 979 107 Scotto. Mécanisme de montage et de

1525 3038 1022 88 démontage par excentrique des scies à

1529 3100 746 99 lames interchangeables. 7.123.

1571 3138 979 122 Segovia. Appareil mécanique pour

1529 3218 742 99 l’amalgamation de l’or. 7.125.

1579 3264 975 103 *Serex. Dispositif refroidisseur pour

1529 3340 490 96 automobiles. 7. 150.

1583 3371 891 115 Sherwood. Perf. aux corsets. 7.165.

1583 3444 971 103 Siemens et Halske A. G. (Sté), Fabri-

1537 3520 555 92 cation du verre. 7.169.

1583 3566 971 111 Sôrensen. Appareil de mesurage pour

1533 3639 899 95 bois et matériaux analogues. 7.141.

1583 3692 979 115 Spirito. Voir firme Fratelli Hemmi et

1545 3765 424 95 di Spirito. 7.195.

1571 3791 979 111 *Siein et Cie (Sté). Four à recuire.

1545 3864 137 107 7.174.

1583 3933 925 99 Steinweg et Hall. Voir Hall. 7.113.

1583 3998 975 107 Still et Sons Ltd (Sté dite) et Adam-

1506 4044 723 145 son. Voir Adamson. 7181.

2608 3165 19 141 .
