3131 4582
619 378 990 126 Stuart et Swan. Corne ou trompe

573 454 864 114 pour automobiles ou autres. 7177.

630 523 925 91 Swan et Stuart. Voir Stuart. 7.177.

634 580 963 95 Tachoires. Aéroplane monoplan. 7.128.

646 649 951 95 Toyoda. Appareil de changement au-

592 706 1009 99 tematique des navettes dans les métiers

584 763 375 103 à tisser. 7.187.

638 786 963 130 Turenne (Société Barbier, Benard etc.).

584 885 505 88 Voir Barbier. 7.068.

634 950 971 96 Vaganey. Moteurs à plusieurs cylin-

584 1015 711 84 dres parallèles à l’axe. 7. 132.

630 1061 975 88 *Verbièse et Darras-Verbièse. Filtre

592 1137 535 92 presse continu. 7.110.

630 1172 971 103 Verger (Sté). Attache de pochette

588 1248 1021 103 pour calendriers, pancartes ou autres

584 1309 467 88 cartonnages. 7.208.

638 1370 971 107 Vigié. Perf. aux sommiers métalli-

588 1420 287 111 ques. 7.172.

642 1462 963 111 Wall. Panneaux pour la publicité.

581 1531 145 110 7.162.

638 1592 963 114 Watkinson et Payne. Voir Payne.

592 1653 134 111 7.199.

634 1702 979 119 Westfelt. Dispositif pour appareils à

584 1790 853 100 tirer les pièces de monnaie. 7.139.

634 1855 983 80 Westfelt. Dispositif pour tirer les

584 1916 635 92 pièces de monnaie. 7.140.

638 1970 979 88 Westinghouse. Perf. aux engrenages

592 2027 681 95 réducteurs de vitesse. 7. 182.

634 2088 975 92 Wirsick et Bruggemann. Voir Brug-

584 2149 371 96 gemann. 7.099.

634 2195 975 99 Wolf’s Musie Time Blocks Itd. Voir :

588 2268 1013 99 Sté Wolf's Music Time Blocks Itd. 7.069.

642 2336 963 92 Wurfel et Neuhaus (firme). Voir Neu-

588 2397 295 88 haus. 7.159.

630 2439 803 100 Zonoff. Machinee volante, 7.135.

634 2508 975 92 Act. Ges. Hannoversche Eisengiesseri

596 2565 1009 92 (Sté). Dispositif de nettoyage pour tu-

592 2630 1009 100 bes avec commande par turbine. 7211.

630 2699 971 80 Banque du Radium (Sté Anᵐᵉ Fran-

592 2749 1017 99 çaise dise : La : ). Electrodes en terres

588 2817 868 88 rares pour tubes de Gessler. 7.190.

623 2875 986 80 Chemische Fabrik Griesheim-Elektron

592 2917 1013 103 (Sté dite). Fabrication des métaux alca-

592 3001 275 76 lins. 7.193.

626 3031 987 115 Electrometallurgique (Procédés Paul

584 3115 1029 96 Girod) (Sté Anᵐᵉ). Mode d’alimentation

592 3180 1013 84 des fours électriques par courants tri-

588 3234 344 91 phasés. 7.194.

630 3287 983 99 Fabrication des Compteurs et Matériel

584 3344 1021 96 d’Usines à Gaz (Cie pour la). Electro-

588 3409 967 92 aimant pour courant alternatif. 7.181.

626 3467 987 95 Fabrique Liégeoise de Lampes de Sû-

584 3520 1025 103 reté (Sté Anᵐᵉ). Lampe de poche à allu-

584 3600 635 88 mage automatique. 7. 114.

630 3654 983 87 Fortuna Werke Albert Hirth (firme) et

588 3719 918 91 Herbert. Appareil de réclame. 7.189.

638 3772 971 88 *Française des Tissus biaisés (Socié-

584 3822 1017 95 té). Vernis permettant d’éviter les per-

588 3887 1021 95 tes de gaz par difusion à travers les en-

588 3951 662 96 veloppes de ballons. 7.057.

626 4024 1002 88 Geldzahlmaschinen Ges m. b. H. (So-

1517 271 230 107 — 5 —

1647 336 1036 164 ciété). Caisse automatique permettant

1659 454 917 95 le paiement en pièces assorties. 7.201.

1701 504 975 99 Geldzahlmaschinen Ges. m. b. H. (So-

1659 576 1013 88 ciété). Dispositif de contrôle pour les

1659 637 1013 103 touches des caisses à contrôle, caisses en-

1659 691 910 95 registreuses ou payantes, etc. 7.202.

1701 756 975 99 Geldzahlmaschinen Ges. m. b. H. (So-

1662 809 1002 111 cièté. Appareil d’impression pour

1659 882 1013 110 caisses de contrôle et caisses payantes.

1655 939 141 95 7.203.

1701 977 978 107 Geldzahlmaschinen Ges, m. b. H. (So-

1659 1065 1020 84 ciété.) Caisse enregistreuse payante

1659 1111 1020 103 avec dispositif pour recompter des som-

1662 1183 1021 92 mes comportant un grand nombre de

1662 1244 325 96 pièces. 7.204.

1701 1275 982 107 Geldzahlmaschinen Ges. m. b. H. (So-

1659 1359 1020 103 ciété). Caisse automatique à recette et

1662 1424 455 88 à paiement. 7.205.

1705 1477 982 99 Hess Bright Mfg. Cg. (Sté The). Rou-

1666 1538 543 96 lement à billes. 7. 109.

1705 1599 971 92 Senwer Laternen Rekbame G. m. b.

1662 1660 1014 88 H. (Sté Anᵐᵉ Frantz). Appareil pour

1659 1714 1024 103 assujettir des enseignes réclames sur

1666 1779 467 88 des poteaux. 7.144.

1716 1840 963 88 *Lyonnaise de Mécanique et d’Electri-

1666 1901 1006 95 cité (Sté) et Gutbier. Voir Gutbier.

1666 1962 134 92 7.072.

1708 2000 971 119 Maschinen et Armaturen fabrik vorm

1659 2077 1020 99 H. Bremer et C° (Sté dite). Dispositif

1662 2149 1017 80 de fermeture et de renversement du cou-

1662 2203 937 88 rant des gaz dans les cornues. 7.191.

1705 2248 971 104 Read Holliday et Sons Ltd (Sté) Perf.

1662 2321 1021 84 à la fabrication de matières colorantes.

1659 2390 921 80 teignant directement le coton. 7.151.

1705 2439 978 92 Temple (Sté Anᵐᵉ du). Dispositif de

1659 2508 1024 77 chargement et de déchargement latéral

1655 2562 806 99 pour véhicules industriels. 7.107.

1708 2611 975 100 Wolf’s Music Time Blocks Itd (Socié-

1666 2688 1013 87 té dite). Méthode et dispositif pour dé-

1659 2737 1024 96 montrer en musique la valeur des notes

1659 2814 1017 84 et la composition des temps dans les me-

1659 2867 305 84 sures. 7.069.

1659 2963 1028 95 Demandes déposées le 10 juin

1800 3039 742 95 11910. N° 7213 à 7263

1705 3104 978 107 Adair et Lewis. Dispositif d’éclairage

1655 3173 600 87 pour armes à feu. 7.220.

1712 3222 918 96 Andreotta. Compresseur d’air. 7. 252.

1712 3291 964 88 * Arquembourg et Cie (Sté Jules Grou-

1659 3352 1017 84 velle). Dispositif de connexion pour

1659 3409 1013 111 conducteurs électriques à gaine isolante.

1655 3470 145 96 7.243.

1705 3497 971 130 Astruc. Chaise à transiormations.

1666 3596 130 84 7.232.

1708 3631 975 114 Bauder et Mendez. Perf. aux moteurs

1659 3711 1017 99 à vent et à la propulsion des navires au

1662 3772 941 95 moyen de la puissance du vent. 7.237.

1712 3829 964 100 Bayer et C° (Sté Farbenfabriken vorm

1659 3879 1017 99 (Friedr.) Voir : Sté Farbenfabriken

1674 3951 787 104 vorm Friedr. Bayer et C°. 7.250.

1708 4009 727 122 Bellah. Garde-poches. 7.221.
