3117 4587
466 393 983 161 Bianchi. Perf. aux procédés et appa-

420 512 1029 107 reils pour couler des poutres en béton

428 588 313 88 armé. 7.218.

470 619 983 107 Bickel et Rœder. Appareil en vue de

424 703 1021 88 l’obtention pour les nourrissons d’un ali-

432 760 1009 100 ment artificiel exempt de germes. 7.261.

470 814 975 91 Braux. Bandage de secours pour

435 886 1014 88 roues d’automobiles ou autres véhicu-

424 936 256 92 les. 7242.

481 997 968 92 Browne. Perf. dans les moyens pour

432 1062 1013 80 réparer élastiquement les bandages

432 1123 512 96 pneumatiques. 7217.

458 1169 991 107 Cereiti et Tantani (Sté). Chemin de

435 1234 1014 96 fer funiculaire aérien pour personnes

432 1303 1017 88 avec pylones intermédiaires, câbles-por-

424 1349 1025 92 teurs-tracteurs et à frein et frein auto-

435 1418 635 99 matique de sûreté. 7.231.

466 1464 979 103 Charlin et Cie (Sté). Disposition per-

439 1532 1006 96 fectionnée des mécanismes de percus-

439 1590 1010 95 sion et d’extraction dans les fusils à

432 1655 1013 99 canon fixe et à bloc de culasse coulis-

435 1712 284 88 sant. 7. 263.

474 1750 979 115 Costantini. Moteur à ressorts pour

435 1830 872 104 machines à coudre et autres. 7.267.

478 1899 971 88 Daude frères (Sté). Silhouette mou-

432 1960 1013 85 vante pour panneaux de publicité. 7.258.

481 2022 968 88 Delail. Automobiles à changement de

439 2071 1010 96 vitesse et marche arrière à cônes de

435 2140 1014 92 friction et coincement automatique. 7.216.

489 2201 960 81 Douzal. Appareil domestique pour la

439 2251 1010 96 stérilisation des eaux par l’ozone. 7.260.

481 2316 972 92 Dunkel. Perf. aux générateurs de

435 2369 838 92 vapeur pour fours à cuire. 7. 222.

489 2438 964 92 *Espaignol et Cie de Signaux Electri-

439 2496 1018 91 ques pour Chemins de fer. Système de

447 2557 1006 95 signalisation par courant de traction

447 2622 956 91 pour chemins de fer électriques. 7 262.

481 2668 983 91 Fahrni et Moisson (firme). Réchaud.

435 2717 1022 119 rotissoire à gaz à combustion intégrale.

439 2794 134 95 7. 239.

481 2832 976 103 Fiedler. Pompe à main pour la pul-

451 2912 1009 111 vérisation d’un liquide antiseptique ou

443 2970 298 95 autre. 7.241.

485 3019 979 111 Fiedler. Pompe pour injecter un

447 3092 1006 95 liquide antiseptique pulvérisé dans un

439 3157 1021 95 local quelconque dans le but d’assainir

439 3207 287 95 l’air. 7.240.

481 3252 983 111 Groche, Perf. dans la construction

439 3333 1021 103 des lits métalliques pliants dits « lits-

443 3398 337 88 cage ». 7.214.

489 3440 975 107 *Grouvelle, Arquembourg et Cie (Sté

435 3512 861 96 Jules). Voir Arquembourg. 7.243.

485 3570 979 111 Hadfield. Perf. aux aiguilles de sû-

439 3635 272 80 reté. 7.233.

485 3658 975 114 *Harlé et Cie (Sté). Régulateur de la

447 3746 1013 107 moussée axiale des pomnes rotatives et

447 3818 574 77 des ventilateurs. 7.253.

489 3868 975 88 Heyst (van). Aéroplane à surfaces

439 3929 1014 107 sustentatrices de courbure variable.

447 3983 141 103 7.254.

485 4036 1457 141 Kœrting. Voir : Sté Française d’Ex- | William et pour rails. 7.219.

1353 309 226 142 — 6 —

1487 435 1025 123 ploitation des Appareils Kœrting. 7.235.

1548 512 968 88 *Lafeuille. Malaxeur tubulaire rotatif

1503 573 1013 88 à échange rapide de température pour

1503 630 711 96 sucreries et raffineries. 7 229.

1545 680 975 107 Lepaute (Sté des Etablissements Hen-

1506 753 834 95 ry). Perf. aux taximètres. 7.236.

1548 806 976 107 *Lesourd. Système de relèvement des

1499 871 570 96 corps immergés. 7.255.

1545 936 902 88 Lewis et Adair. Voir Adair. 7.220.

1548 982 976 107 Lichtwerke (Sté). Procédé pour faire

1510 1055 1010 99 le vide dans les lampes électriques à in-

1503 1116 478 84 candescence. 7.213.

1552 1165 968 92 Maxim Ltd. (Sté dite Vickers Sons

1503 1227 1013 107 et). Système de contrôle électrique des

1506 1295 390 96 tourelles. 7.234.

1552 1337 964 119 Mendez et Bauder. Voir Bauder.

1503 1410 141 99 7 237.

1548 1452 800 107 Merkl). Machine à river. 7 251.

1552 1517 964 126 Moisson (firme Fahrni). Voir Fahrni.

1499 1590 141 95 7.239.

1556 1651 975 92 Mower et Williams. Perf. dans les

1510 1712 964 99 machines à broyer ou moudre. 7.256.

1552 1769 972 88 Nicholson. Perf. aux écrous indesser-

1506 1830 322 96 rables. 7.230.

1552 1892 976 95 Oitzinger et Wolf. Fixe lame pour

1503 1934 309 99 faux. 7.248.

1556 2006 975 107 Pétry. Fabrication des plaques de

1506 2071 375 100 dentiers. 7.246.

1556 2129 922 103 Putz. Roue à jante amovible. 7.238.

1560 2194 971 84 *Raiser (J. L. et H. A.). Aéroplane

1506 2251 750 99 monoplan perfectionné. 7.244.

1552 2304 976 100 Renou. Agrafe à deux ou trois bou-

1518 2369 1006 96 cles pour fixer les bouchons sur les bou-

1518 2438 1017 81 teilles contenant des boissons gazeuses.

1510 2492 513 95 et conservées. 7.257.

1560 2538 922 99 Roeder et Bickel. Voir Bickel. 7.261.

1556 2610 979 88 Rœper. Fermetures de chaussures.

1506 2675 142 81 7.225.

1556 2729 975 92 Saintout. Produit chimique pour la

1510 2790 1021 95 destruction des insectes cryptogames

1510 2851 964 92 affectant les vignes, plantes, etc. 7.215.

1560 2920 964 76 Schmid. Machine pour la fabrica-

1510 2973 1021 85 tion automatique des treillis en fil de

1518 3027 245 103 fer. 7.226.

1556 3065 987 134 Sharon Godet à boire en papier asep-

1522 3149 298 92 tique. 7.224.

1556 3191 983 111 Spencer. Perf. aux voitures d’en-

1518 3272 306 103 fants. 7.223.

1564 3321 971 96 Tanfani (Sté Ceretti). Voir Ceretti.

1506 3375 146 111 7.231.

1564 3436 975 115 Tonini. Ceinture élastique remplaçant

1510 3501 773 95 la ceinture du pantalon. 7.227.

1560 3558 975 103 Tortorice et Williams. Éclissages

1518 3619 409 96 pour rails. 7.219.

1556 3677 922 95 Vickers Sons et Maxim Ltd (Sté dite).

1518 3749 1017 104 Système de contrôle électrique des tou-

1525 3814 295 81 relles. 7.234.

1568 3849 971 114 Williams et Mower, Perf. dans les

1518 3925 914 100 machines à broyer ou moudre. 7.256.

1568 3990 971 130 Williams et Tortorice. Eclissages
