3131 4582
600 389 986 130 Woif et Oitzinger Fixe-lame pour

546 481 317 103 faux. 7.248.

600 538 990 111 Zeiss. Lunette de hausse pour pièces

558 618 435 96 d’artillerie. 7.259.

604 641 978 130 *Ateliers de Constructions Electriques

558 721 1020 103 de Charleroi (Sté dite). Dispositif pour

561 794 1021 95 la mise en parallèle d’alternateurs ou

558 847 1009 103 de réseaux à courant alternatif. 7.228.

604 904 978 100 Buen Tono (Sté Anᵐᵉ). Dispositif

561 973 1021 96 pour régulariser la distribution du

558 1034 1024 88 tabac dans les machines à fabriquer les

558 1088 416 91 cigarettes. 7.245.

604 1153 986 91 El Buen Tono (Sté Anᵐᵉ). Voir Buen.

561 1210 299 95 Tono. 7.245.

600 1248 971 111 Etablissements Henry Lepaute (Sté

558 1332 875 84 des). Perf. aux taximètres. 7.236.

604 1378 986 99 Farbenfabriken vorm Friedr. Bayer et

569 1454 1017 84 C° (Sté). Procédé pour apprêter des fils

565 1512 1021 99 revêtus d’une couche d’éthers de la cel-

561 1576 322 92 lulose. 7.250.

607 1607 979 115 Française d’Exploitation des Appareils

569 1695 1017 88 Kœrting (Sté). Réglage pour foyers uti-

565 1752 914 99 lisant un combustible liquide. 7.235.

611 1806 975 99 *Signaux Electriques pour Chemins de

561 1867 1025 103 fer (Cie de) et Espaignol. Voir Espai-

565 1935 283 84 gnol. 7.262.

615 1974 971 99 Winchester Repeating Arms C° (So-

565 2054 1013 88 ciété). Fusil à magasin tubulaire. 7.249.

561 2168 1025 107 Demandes déposées les 11-13-14-

619 2252 971 92 15-16-17-18 et 19 juin 1910.

619 2313 562 104 N° 7264 à 7627

607 2386 990 111 Adain. Aération de la pâte de boulan-

573 2462 294 88 gerie. 7.597.

615 2501 975 114 Alais. Enregistreur et reproducteur,

581 2585 1005 91 producteur d’images cinématographi-

573 2646 562 84 ques en spirale. 7.451.

619 2691 975 96 Alexander. Perf. aux pompes rotati

577 2749 1009 110 ves, compresseurs, moteurs et analogues.

569 2817 145 81 7.301.

623 2886 967 84 Aliot. Porte-berviette hygiénique ap-

569 2940 1017 91 plicable sur corsets de tous genres. 7.536.

619 3005 967 84 Amet Cy (Sté dite International). Ap-

577 3058 1009 99 pareil pour la fabrication du gaz d’huile.

584 3119 134 88 7.469.

623 3165 695 107 Andiran. Aéroplane. 7.542.

619 3222 982 111 *Arsandaux. Fabrication de l’alun de

573 3279 363 111 potasse. 7.476.

619 3352 986 95 Assi. Appareil phonographique à

577 3413 321 99 bande. 7.564.

623 3459 982 107 Assmann. Porte-miroirs destiné à la

577 3539 1024 88 prise des vues stéréoscopiques pour appa-

581 3596 718 100 reils photographiques. 7.527.

626 3665 968 92 Aub. Appareil pour électriser la tête

584 3715 138 95 7.601.

623 3761 978 103 Aubé et Mme M. de Melun. Applica-

592 3837 1005 95 tion à la traction automobile d’un amor-

584 3906 864 91 tisseur pour la suspension. 7.499.

630 3963 975 107 *Aubert. Appareil de chauffage do-

1487 271 133 114 _ 7 _

1674 393 982 114 Augustin. Support en ciment armé

1624 477 654 95 pour poteaux de fer. 7.329.

1678 526 975 104 Avey. Sac pour la nourriture des ani-

1632 591 313 92 maux. 7.598.

1682 630 971 114 Avril. Machine pour altacher les vis,

1632 717 1021 81 etc. devant être mis dans un bain élec-

1640 759 1009 115 trolytique et un bain de chapelets. 7.546.

1685 832 968 99 *Babain (Sté A. et Cie). Vernis im-

1632 889 589 103 perméabilisateur. 7.450.

1685 943 975 95 Baillod. Dispositif servant à soutenir

1636 1019 508 84 les pantalons. 7.537.

1685 1061 975 107 Bajde. Dispositif pour l’actionnement

1640 1130 1020 95 des cordes d’instruments mécaniques a

1640 1198 535 92 cordes frottées. 7.291.

1685 1244 968 103 Balleyguier. Changement de direc-

1643 1313 1002 92 tion des véhicules sur une route de lar-

1647 1370 1013 100 geur inférieure à lécartement des es-

1643 1435 310 88 sieux. 7.590.

1685 1485 975 99 Baradat et Bosch. Moteur à explo-

1643 1554 1017 91 sions à quatre temps avec distributeur

1643 1615 337 87 rotatif. 7.350.

1689 1649 979 115 *Barbet. Sulfitation et désulfitation

1643 1733 520 95 des jus sucrés. 7.580.

1693 1771 963 111 *Barbet. Nouveaux perf. dans la cons-

1643 1851 1013 92 truction des rectificateurs continus des

1643 1916 635 88 alcools méthylènes. 7.540.

1689 1958 967 115 Barrett. Perf. aux fermetures d’écrou.

1647 2031 142 95 7.281.

1685 2065 933 119 Barrett et Johnson. Aéronat. 7.366.

1689 2153 983 99 Bary. Procédé de régénération des

1651 2226 745 87 caoutchoucs vulcanisés. 7.333.

1689 2260 979 111 *Basset. Production de l’anhydride

1647 2336 1006 100 sulfureux par décomposition du plâtre.

1655 2401 126 107 7.328.

1689 2447 975 111 Bay. Support de lampe électrique.

1647 2512 145 107 7.481.

1693 2565 967 119 Bayer. Voir : Farbentabriken Vorm

1643 2657 551 84 F. Bayer (Sté). 7.612.

1689 2699 971 107 Bayer. Voir : Farbenfabriken Vorm

1651 2768 551 107 F. Bayer (Sté). 7570.

1689 2821 960 107 Bayer et Cie. Voir : Sté Farbenfa

1647 2898 1006 95 briken Vorm Friedr. Bayer et Cie. 7.338.

1693 2963 593 103 Bazille. Serrure. 7.340.

1697 3031 956 96 Béchereau, de Feure et Deperdussin

1651 3081 1017 111 Hélice à branches multiples pour aéro-

1647 3153 337 96 planes. 7. 486.

1697 3199 967 103 Becke. Production d’effets multicolo-

1651 3287 256 84 res. 7.384.

1697 3310 971 122 Beer (Maison Sté anᵐᵉ). Pelle mécani-

1659 3394 994 130 que pour la reprise de matières en tas

1647 3467 153 80 7.607.

1697 3497 967 111 *Bellens. Régulateur pour transmis

1659 3589 963 91 sions par liquide sous pression 7.287.

1701 3638 952 111 *Benini et Sinsou. Appareil permet-

1662 3711 1002 95 tant la correspondance écrite sur les ré-

1666 3780 673 91 seaux téléphoniques. 7514.

1701 3822 971 95 Benzing-Stroble. Voir : Constatateur

1659 3883 1013 118 (Sté anme du) imprimeur Benzing Stre-

1666 3951 249 92 ble. 7.552.

1712 3990 971 152 *Beorchia. Gonfleur automatique pour

584 4020 394 134 mestique. 7.604.
