3117 4587
447 401 1017 115 bandages de roues de véhicules automo-

470 477 275 96 biles. 7.489.

493 538 975 96 Bergner et Cie (Sté M.). Peigne pour

451 592 543 96 métier à tisser. 7.398.

497 653 967 92 *Bernardaud. Cazettes pour la cuis-

462 718 991 103 son des plats et assiettes en porcelaine.

451 779 145 96 7.302.

493 840 971 77 Bessonnet Favre. Voir : Sté anᵐᵉ des

447 886 1013 111 Elévateurs de liquides, chaîne, hélice

455 963 573 88 Bessonnet Favre. 7.310.

493 1012 979 85 Biéchy et Krieger. Procédé pour en-

447 1070 1021 99 fermer des poudres dans des capsules

455 1135 413 99 en papier. 7.538.

493 1188 964 107 Bienvenu et Vacker. Carburateur.

447 1242 149 99 7.324.

501 1322 963 80 Bigazzi et Scopetani. Poinçon com-

447 1379 1021 88 posé multiple pour la coupe des rondel-

451 1441 245 88 les. 7.345.

501 1498 959 88 Bimm. Perf. aux pièces servant à

447 1555 1013 107 protéger les angles des boîtes en carton.

455 1620 137 88 7.581.

489 1670 692 92 Bloch. Vaporisateur. 7.343.

493 1723 971 107 Bœhm. Voir : Saponia-Werke F.

447 1788 516 107 Bœhm (firme). 7.426.

493 1857 979 96 Bonnard. Sauvetage et renflouement.

443 1915 891 99 des navires de toutes sortes. 7.526.

493 1972 967 95 Bonnet-Spazin et Cie (Sté). Forme ra-

447 2048 1013 92 tionnelle pour surfaces des parois desti-

447 2102 1017 111 nées à supporter la pression des liqui-

447 2167 264 84 des. 7.611.

497 2220 960 123 Boseh et Baradat. Voir Baradat

447 2278 153 103 7.350.

497 2343 967 111 Bouladon. Brûleur à alcool ou hydro-

451 2431 1017 84 carbures pour l’éclairage par incandes

447 2484 704 88 cence ou le chauffage. 7.532.

493 2541 975 100 Bousquet. Appareil décavaillonneur

447 2591 1021 119 dont l’arrière-train peut s’adapter à

447 2652 639 104 toutes les charrues. 7.623.

493 2717 967 115 Boveri et Cie. Voir : Aktiengesells-

451 2798 1006 103 chaft Brown, Boveri et Cie (Sté dite).

455 2847 133 92 7 625.

493 2893 975 107 Boverie et Cie (Sté Aktiengesellschaft

447 2958 1013 107 Brown). Condenseur horizontal à sur-

443 3031 279 99 face. 7.520.

481 3088 983 99 Boveri et Cie. Voir : Sté Aktienge-

435 3172 949 92 sellschaft Brown, Boveri et Cie. 7.321.

481 3230 983 91 Branch. Perf. dans les procédés pour

435 3283 930 92 la compression de l’air, du gaz. 7.346.

481 3340 979 96 Brauer. Concentration de l’acide azo-

439 3394 314 92 tique. 7.474.

485 3463 972 95 *Braunschild et Chapire. Transfor-

443 3512 1014 119 mation du nitrate de soude en nitrate de

443 3585 325 92 chaux. 7.298.

493 3639 967 99 Bridenbaugh et Ohmer. Perf. aux ap-

443 3696 1017 115 pareils pour débiter et enregistrer les

443 3761 329 95 tickets. 7.473.

489 3826 964 107 Broderick. Perf. aux carburateurs.

443 3883 145 96 7.344.

485 3952 662 84 Brooks. Etiquettes. 7.500.

497 3998 963 145 Brown, Boveri et Cie (Sté Aktienge-

1522 416 1021 88 sellschaft). Condenseur horizontal à

1522 470 355 99 surface. 7.520.

1568 527 967 99 Brown, Boveri et Cie. Voir : Sté Ak-

1525 600 1006 91 tiengesellschaft. Brown, Boveri et Cie.

1522 665 137 80 7.321.

1568 710 971 96 Brown, Boveri et Cie. Voir : Aktien-

1522 775 1021 96 gesellschaft Brown, Boveri et Cie (Ste

1525 844 287 84 dite). 7.625.

1564 886 979 104 Bruder (A. A. et A. J.). Dispositif ven-

1525 967 804 88 tilateur applic. aux W. C. 7.441.

1568 1024 975 80 Bruning. Voir : Farbwerke vorm

1529 1081 956 96 Meister Lucius et Bruning (Sté). 7.387.

1568 1131 971 92 Buthion. Récupérateur pneumatique.

1522 1204 1009 88 des cahots, chocs et trépidations pour

1518 1265 1013 80 automobiles et autres genres de lecomo-

1522 1326 267 84 tion. 7.264.

1568 1353 940 114 Cairol. Fontaine intermittente. 7.385.

1564 1433 979 107 Camp, Gordon et Rager. Frein.

1522 1494 359 96 d’écrou. 7.364.

1564 1540 975 111 *Cancalon. Porte-platond métallique

1525 1632 1014 88 pour la suspension sous plancher en bé-

1518 1678 409 87 ton armé. 7.587.

1564 1723 983 100 Canizarès et Maraval. Hélice en bois-

1522 1811 592 96 pour aérostation. 7.530.

1568 1857 975 100 Carlsen. Fabrication des matrices

1522 1922 1017 103 pour clichés ou autres dispositifs de ce

1522 1987 309 80 genre. 7.443.

1568 2033 971 92 Carlson. Four électrique pour la pré-

1525 2098 1010 96 paration continue de composés d’azote

1525 2163 1018 99 au moyen de carbures alcalinoterreux et

1522 2213 344 99 d’azote. 7.292.

1568 2274 971 92 Cassan père. Bandange élastique for-

1518 2339 1010 103 mé de blocs démontables à air comprimé

1525 2400 134 92 7.497.

1568 2454 971 99 Cayron (Sté Gabillou). Brûleur a gaz

1518 2515 1013 107 destiné au chauffage des fours de bou-

1522 2576 378 92 langerie. 7.463.

1579 2641 956 92 *Chapiro et Braunschild. Voir

1525 2694 456 104 Braunschild. 7.298.

1568 2756 971 87 Chaumont. Dispositifs de réglage ins-

1522 2821 1013 91 tantanés et équilibrage des freins d’au-

1522 2866 413 96 tomobiles. 7.393.

1560 2916 979 119 Clegg et Dalpay. Bateau et houe com-

1518 3000 302 92 binés. 7.554.

1560 3061 975 81 Coatgoureden et Maurin. Transmis-

1518 3119 1013 88 sion hydraulique particulièr. applic. aux

1522 3176 466 92 automobiles. 7.283.

1564 3233 795 96 Colla. Niveau de pente. 7.483.

1564 3287 975 115 Compère et Keller. Machine volante.

1518 3352 134 95 7.593.

1560 3402 975 95 Constant. Eclairage intérieur et exté-

1518 3474 960 96 rieur des ballons et des nacelles. 7.367.

1560 3531 956 104 Coplans. Purification des liquides

1522 3593 134 91 7.327.

1556 3646 975 111 Coste. Fixation des brillants, pierres,

1518 3715 577 88 perles et similis. 7.569.

1560 3776 975 84 Cothias. Transport des moules de fon-

1514 3826 1021 111 derie des fours à réchauffer aux postes

1514 3891 409 88 de coulée. 7.421.

1575 3952 956 103 Cothias. Four pour le réchauffage

1529 4025 968 99 préalable des moules de fonderie 7.422.

1384.0 309.0 229.0 88.0 _ 8 _
